2467 3942
188 155 231 227 '70
323 161 606 269 MAJvmwox
623 162 1067 273 ΑΠΟΤΕΛΕΣΜΑΠΚΩΝ

191 344 244 411 205
256 334 533 431 γραμματικήντ’
546 333 689 426 ἄσκησιν
700 336 752 406 ἐνὶ
765 336 954 426 στέρνοισιν
967 343 1111 427 ἔχοντας.
1224 398 1227 405 ,

220 454 240 512 7
291 448 437 530 στίλβων
453 436 487 510 δ’
498 436 534 509 ‘E
540 468 559 532 ρ
565 438 617 530 μά
625 438 727 520 ωνος
739 435 790 510 ὅτ’
804 433 849 509 ἀν
861 446 1056 530 Κυλληνίου
1070 439 1180 532 ἀστὴρ

257 543 443 637 φωσφόρον
453 541 624 613 ἀκτίνεσσι
638 541 726 632 βάλη
738 550 772 611 Κ
776 550 931 632 υθερηί
936 548 958 613 δ
965 572 1007 626 ος
1020 555 1152 636 αίγλης,

255 650 313 731 τάς
324 647 356 718 τ’
371 645 477 735 αύγάς
488 649 661 736 ἐπέχοντες
673 648 711 715 ἐν
724 641 858 739 οὐρανῷ
871 643 1063 737 ἀστερόεντι

257 756 560 841 δωδεκατημορίου
567 754 693 837 σχῶσιν
704 748 805 837 βάσιν
819 753 937 836 εἵλικα,
950 751 1100 840 θνητούς

192 877 244 930 210
258 856 455 945 γαιομίτρας
469 858 623 924 δείκνυσι
636 851 890 941 μαθηματικούς
902 880 938 922 τε
951 868 1153 941 φανεῖσθαι,
1228 860 1229 873 ³

203 1021 207 1031 .
255 957 494 1051 ἀστρολόγους,
520 954 681 1047 μαγικούς
708 982 745 1025 τε
771 954 896 1042 θύτας,
923 956 976 1026 ίδὲ
1002 957 1145 1046 μάντιας

811 1057 971 1146 ἐσθλούς,

254 1163 536 1259 οίωνοσκοπικούς
550 1183 597 1248 τε,
614 1174 732 1249 σαφεῖς
746 1157 789 1230 θ’
803 1155 1027 1251 ύδρομάντιας
1040 1170 1148 1256 ἕρξεν,

253 1264 304 1348 οἷς
318 1270 560 1354 λεκανοσκοπίη
574 1263 767 1334 πιστεύεται
782 1258 803 1354 ἢ
817 1265 1006 1355 νεκυλσμύς.

221 1380 240 1443 8
292 1365 577 1460 Κυπρογενης
595 1365 633 1438 δ’
646 1364 782 1448 ἀκτῖνας
796 1371 830 1449 ἐς
849 1364 932 1457 ἠέρα
945 1378 1199 1459 πυρσοβολοῦσα

189 1491 240 1544 215
255 1471 382 1562 ἀμμιγα
395 1473 482 1560 φωτὶ
495 1470 665 1560 Κρόνου
677 1472 788 1558 τεύχει
799 1470 964 1562 μεροπήια
978 1479 1061 1563 ἔργα

255 1580 361 1646 δοῦλα
373 1579 468 1645 θεῶν
487 1578 589 1663 ίεροὸν
601 1600 639 1643 τε
651 1574 803 1663 νεωκόρα
817 1582 1111 1663 λυσσομανούντα,

252 1685 337 1751 νούν
349 1706 385 1748 τε
397 1677 620 1767 σεληνάζοντα
633 1677 884 1767 προφητάζοντά
897 1705 933 1747 τε
947 1689 1098 1768 θνητοῖς.

218 1793 237 1853 9
288 1780 450 1852 Ἠέλιον
465 1778 500 1850 δ’
514 1777 646 1849 ἀκτῖσιν
653 1777 776 1870 Ἀρης
794 1783 1020 1870 πυριλαμπέσι
1034 1783 1178 1871 βάλλων,

251 1882 402 1976 Μήνης
422 1879 575 1975 ὁρμώσης
587 1890 669 1973 μίγα
681 1884 872 1974 Κύπριδι
886 1883 983 1955 κοινά
996 1885 1063 1956 σύν
1075 1884 1191 1975 αύτοῐς,
1225 1913 1230 1930 ·

187 2004 239 2059 θλο
252 1991 471 2079 θηλυτέρους,
486 1994 636 2076 γονίμων
649 1989 784 2077 μηδέων
796 1985 1011 2078 ἀπαμῆτορας
1025 1987 1163 2082 ἀνδραςι

165 2090 167 2095 ’
246 2100 469 2186 γαλλομανείς
482 2087 512 2160 τ’
529 2096 687 2160 ἔσσεσθαι
701 2087 890 2180 ἀγυρτῆράς
902 2120 938 2161 τε
952 2102 1145 2183 προφαίνει,

196 2262 201 2269 ,
250 2196 307 2263 καὶ
321 2192 1173 2285 πολυπλαγκτοσύνηςἐπιβήτοραςοίκτροκελεύθους

250 2299 449 2387 δυστυχίας,
463 2296 614 2387 καμάτου
627 2310 663 2366 τε“
676 2302 783 2368 κακοῦ
796 2299 1012 2387 διαδέκτορας
1026 2306 1103 2371 αίεί.

200 2409 238 2469 10
290 2397 335 2491 ἢν
352 2401 390 2471 δὲ
404 2406 644 2489 Σεληναίην
658 2399 871 2489 ἕλικάστερον
885 2405 1114 2494 αίθροβολήση

183 2517 234 2572 225
248 2502 356 2575 ἀκτῖσι
371 2506 529 2594 χρυσέῃσι
544 2502 765 2594 φιλομμειδὴς
776 2500 897 2593 ’Ᾱφρο
907 2510 949 2574 δι’
953 2533 1018 2594 τη,

246 2603 268 2698 ἢ
281 2613 402 2689 κοινῶς
415 2609 469 2677 ἐπὶ
482 2602 583 2677 ταύτδ
598 2606 705 2676 πόλου
720 2604 776 2678 διά
790 2605 897 2677 κύκλα
911 2614 1060 2698 περῶσιν

248 2717 579 2800 δωδεκατημορίοισι,
596 2710 811 2800 προφήτορας
825 2709 1069 2801 ίερολάμπρους

245 2811 367 2902 ἀνέρας
380 2813 594 2903 ἐμφαίνουσι,
608 2815 665 2883 καὶ
679 2816 717 2884 ἐν
730 2818 902 2903 τελετῇσιν
916 2812 1075 2904 ἀρίστους
1100 2872 1104 2881 .

245 2917 472 3005 μυστιπύλους
486 2919 647 3006 ῥεκτῆρας
661 2913 709 2986 ἰδ’
726 2914 930 3007 ὀργιύωντας
943 2923 1093 2988 ἔσεσθαι.

196 3029 232 3089 1·1
278 3015 399 3109 ’Ἇρης
419 3017 452 3088 δ’
469 3015 663 3110 Ἑρμείαν
676 3018 733 3089 διδι
749 3018 921 3108 λαμπάδος
933 3017 1032 3090 ἀντία
1045 3021 1183 3111 βάλλωυ,

179 3137 228 3193 231
244 3117 266 3212 ἢ
281 3122 407 3211 δρόμον
424 3127 472 3203 είς
486 3123 657 3212 ίσόμοιρον
671 3120 734 3193 ίιδν
747 3119 830 3212 μετά
842 3128 941 3193 τοῦδε
955 3131 1139 3214 σελασμού,

245 3230 615 3316 σωματοφρουρητῆροις
629 3224 675 3295 ἰδ’
692 3232 814 3316 ἔμπαλι
827 3226 1128 3317 σωματοφόρβους,

241 3326 520 3418 πλαστογράφονς
545 3326 656 3417 τεύχει
680 3357 718 3399 τε
745 3331 802 3399 καὶ
827 3332 865 3399 ἐν
886 3346 1046 3413 φευστοίς
1066 3331 1181 3423 προφί·

678 3494 681 3499 ,
803 3457 937 3521 ροντας,

240 3530 297 3598 καὶ
309 3532 536 3625 θεολωβητας,
551 3533 764 3625 κακοεργίας,
780 3530 1028 3626 ἀφθιτομίσους
