2467 3942
51 256 79 311 p.
92 228 151 292 σε
338 226 454 287 ma
471 226 765 287 Λαιικειιεονε.
1015 223 1056 288 21

49 407 158 473 είπείν
173 393 322 485 ἑστι,τήν
332 401 457 522 Τροίαν
472 404 523 478 τίς
535 393 599 467 ούκ
613 393 769 485 άκήκοεν,
784 393 835 466 ὅτι
849 404 988 486 μεγίστη
998 426 1057 485 γε-

48 503 217 593 γενημίνη
245 525 313 570 των
337 497 414 569 τότε
440 495 574 569 πόλεων
596 501 656 569 καλ
681 495 789 588 πάσης
810 495 977 588 ἐπάρξασα
999 508 1058 588 τῆς

44 603 174 691 Ἀσίας,
203 597 249 683 άς
275 596 402 684 ἅπαξ
382 599 450 673 υπὸ
477 608 546 672 τῶν
561 597 732 689 Ελλήνων
757 599 966 690 κατεσκάφη,
995 601 1057 672 τὸν

47 715 157 779 αι’ύνα
172 698 327 792 άοίκητός
342 707 430 784 ἐστις
456 708 557 775 τοῦτο
572 705 610 774 δε
625 700 813 828 Μεσσήνην
826 707 1057 786 πεντακοσίοις

48 816 162 884 ἔτεσιν
190 803 336 896 ὕστερον
364 810 401 877 ἐν
423 812 493 876 τεόν
518 803 692 896 τυχόντων
718 801 913 896 άνθρεόπων
938 827 1058 877 συνοι-

48 921 248 991 κισθεῖσανς

111 1011 212 1095 Ἴσως
223 1000 288 1082 οὖν
301 1036 370 1079 των
379 1005 580 1136 συνηγόρων
594 1008 686 1104 αὕτη)
671 1009 858 1101 ”τολμήσει
872 1039 923 1093 τις
919 1018 1081 1136 Νείπειν,
1064 997 1099 1054 ⁶3
1081 1071 1141 1126 m

47 1115 173 1206 μικρὸν
186 1112 225 1183 τὸ
243 1118 380 1234 πρᾶγμα
389 1118 509 1202 ποιάν,
517 1109 563 1196 άς
576 1079 716 1185 ούδεο’“
693 1142 737 1185 αν
750 1141 818 1205 παρ
816 1111 902 1184 ’ἕνα
915 1111 1057 1237 άνθρω·

48 1244 116 1288 πον
129 1220 265 1306 ἐγένετο
279 1210 426 1285 τούτων·
465 1214 471 1290 Ι
507 1213 621 1286 καλ’
581 1244 645 1289 ουκ
659 1212 877 1305 αἰσχύνονται
894 1213 1057 1305 τοιαύτην

47 1318 238 1410 ἀπολογίαν
251 1314 451 1406 ποιούμενοι
465 1318 549 1410 πρὸς
566 1311 755 1408 ύμάς,”’ἐφ
732 1348 754 1410 η
768 1314 942 1399 δικαίως”
921 1315 1058 1391 ανάπο-

47 1420 202 1495 θάνοιεν.
244 1427 277 1491 εί
293 1420 357 1508 μὲν
375 1419 441 1510 γάρ
462 1418 665 1512 ὁμολογοῦσι
690 1420 753 1511 τήν
780 1427 926 1512 πατρίδα
952 1419 1058 1493 αύτον

49 1529 219 1612 ἐκλιπεῖν,
233 1530 333 1593 τοῦτο
346 1521 626 1615 συγχωρήσαντες
640 1521 728 1614 ὑμᾶς
742 1520 894 1595 ἐάτωσαν
908 1530 1058 1614 διαγνῶ-

46 1654 105 1700 ναι
119 1630 201 1719 περὶ
212 1633 274 1697 τοῦ
285 1626 463 1715 μεγέθους·
479 1634 511 1698 εί
522 1624 551 1699 δ’
560 1623 648 1710 ὅλως
660 1623 902 1718 μηδὲντούτων
916 1636 1058 1716 πεποίη-

47 1756 121 1820 κεν,
130 1728 173 1801 ού
191 1736 295 1820 μανία
309 1725 353 1816 δή
366 1756 433 1799 που
447 1736 547 1801 τοῦτο
560 1732 674 1819 λέγειν
687 1727 733 1811 άς
746 1726 849 1801 οὐδὲν
863 1726 906 1799 άν
919 1734 1056 1819 γένηται

47 1833 141 1923 παρά
155 1840 296 1916 τοῦτονς
314 1828 459 1920 ἡγοῦμαι
474 1829 503 1904 δ’
521 1838 638 1922 ἔγωγε,
654 1824 834 1923 άάνδρες,
856 1829 1100 1912 τούναντίονες

47 1932 193 2024 τούτοις,
206 1933 298 2024 παρὰ
309 1941 430 2004 τοῦτον
439 1933 574 2026 εἶναιπῇ
590 1935 689 2006 πόλει
696 1935 758 2024 τήν
766 1941 946 2025 σωτηρίαν.
962 1931 1057 2025 ήγάρ

47 2035 148 2119 πόλις
161 2044 300 2110 οίκείται
314 2035 399 2107 κατὰ
412 2037 479 2126 τήν
489 2042 582 2109 ίδίαν
598 2034 740 2109 ἑκάστου
754 2052 875 2127 μοῖραν
889 2046 1059 2126 φυλαττο-

47 2130 153 2230 μένη·
183 2137 266 2212 ὅταν
283 2132 348 2211 ούν
368 2137 496 2230 ταύτην
513 2138 570 2231 ἐφ’
585 2136 663 2222 ἑνός
678 2165 728 2222 τις
748 2146 892 2231 παρίδη,
912 2144 1059 2229 λέληθεν

46 2241 176 2315 ἑαυτὸν
194 2240 250 2332 ἐφ’
275 2238 436 2312 ἁπάντων
456 2250 555 2322 τοῦτο
573 2238 773 2332 πεποιηκός.
807 2250 916 2312 καίτοι
936 2239 1059 2335 ῥᾴδιόν

46 2351 160 2434 ἐστιν,
189 2336 218 2416 ά
236 2343 378 2436 ἄνδρες,
404 2344 489 2434 προς
513 2344 573 2426 τάς
599 2353 669 2415 τάν
687 2342 837 2436 ἀρχαίων
862 2352 1059 2434 νομοθετῶν

48 2454 205 2529 διανοίας
217 2445 479 2537 Ιάιτοβλέψαντας
498 2446 561 2536 τήν
581 2444 747 2537 ἀλήθειαν
776 2445 901 2538 εὑρεῖν.
935 2439 1059 2517 ἐκείνοι
1066 2456 1100 2512 65

47 2550 118 2641 γάρ
153 2546 194 2625 οὐ
219 2558 265 2644 τῷ
290 2551 354 2640 μὲν
383 2548 504 2622 ἕκατον
536 2547 683 2621 τάλαντα
713 2553 875 2633 κλέψαντι
907 2546 1059 2620 θάνατον

49 2656 190 2740 ἔταξαν,
216 2661 263 2746 τῷ
283 2653 322 2722 δὲ
344 2654 426 2723 δέκα
447 2651 596 2744 δραχμάς
615 2661 752 2723 ἔλαττον
772 2656 953 2740 ἐπιτίμιον·
980 2649 1060 2723 οὐδὲ

48 2755 116 2826 τον
140 2755 205 2881 μὲν
228 2752 358 2844 μεγάλα
385 2753 651 2846 ἱεροσυλήσαντα
678 2753 896 2842 ἀπέκτειναν,
933 2754 995 2826 τὸν
1020 2755 1060 2826 δὲ

46 2857 159 2949 μικρά
179 2854 328 2928 ἐλάττονι
350 2865 495 2950 τιμωρίᾳ
522 2856 693 2944 ἐκόλαζον
727 2856 867 2928 οὐδὲ
833 2886 895 2928 τον
919 2859 982 2946 μὲν
1010 2865 1060 2928 ολ-

48 2964 154 3049 κέτην
180 2956 467 3032 άπωιτείναντα’
449 2969 604 3087 αργυρίω
626 2965 797 3088 ἐζημίουν,
824 2959 885 3033 τὸν
905 2962 944 3030 δε
963 2957 1062 3033 ἐλεύ-

48 3074 162 3155 θερον
187 3061 303 3153 εἶργον
327 3091 396 3135 των
424 3064 555 3151 νόμων·
583 3061 658 3134 ἀλλ’
677 3058 800 3152 ὁμοίως
828 3065 883 3134 ἐπὶ
902 3068 984 3133 πᾶσι
1004 3065 1059 3132 καὶ

47 3183 123 3294 τρίς
150 3168 335 3254 ἐλαχίστοις
356 3167 622 3293 παρανομήμασι
650 3166 802 3236 θάνατον
825 3188 955 3256 ωρισαν
975 3165 1062 3236 εἶναι

47 3298 111 3359 την
127 3276 272 3358 -ζημίαν,
326 3267 368 3340 ού
399 3269 464 3360 γάρ
490 3295 577 3360 προς
588 3298 625 3340 το
655 3271 792 3339 ίδιον“
771 3290 909 3350 εκαστος
943 3265 1106 3346 αύτῶνεσ

47 3371 221 3461 ἀπέβλεπε
233 3380 294 3443 τοῦ
308 3375 537 3463 γεγενημένου
557 3373 767 3462 πράγματος,
790 3368 868 3447 οὐδ’
892 3368 1060 3440 ἐντεῦθεν

46 3475 94 3546 ιδ
108 3478 257 3564 μέγεθος
276 3503 346 3547 των
372 3472 620 3566 ἁμαρτημάτων
638 3475 846 3564 ἐλάμβανον,
873 3471 948 3541 ἀλλ’
972 3469 1056 3542 αὐτὸ

45 3578 220 3717 ἕσμδρπρερν
231 3585 373 3668 τούτο,ε
357 3583 532 3669 είπέφυκε
546 3607 583 3650 το
570 3575 745 3667 ἀδίκημα
757 3582 857 3646 τοῦτο
871 3575 926 3644 ἐπὶ
940 3581 1085 3643 πλεῖον
1143 3659 1146 3663 .

45 3687 58 3730 p
336 3689 340 3692 ς
