2467 3942
204 150 285 212 XIV
587 159 796 209 raanrrrro.

205 320 421 401 perscribatur
470 317 523 378 Int
511 320 759 399 terpunctionem
790 327 880 398 praet
881 340 915 380 er
948 329 1051 382 cetera
1085 325 1192 386 etiam

204 406 321 466 lineola
340 413 528 485 punctumve
550 400 718 483 (ετιγμή)
709 424 743 463 rn
764 423 881 464 summo
900 425 992 466 versu
996 406 1190 504 ‘interposi-

204 500 271 551 tum
297 487 501 570 siguificat*)·
531 489 587 550 sed
614 490 747 552 maxima
767 490 1003 570 neglegentia
994 512 1038 549 rn
1054 492 1116 553 hac
1147 516 1189 556 re

204 575 365 636 librarium
385 582 541 635 versatum
562 593 631 637 esse
646 573 738 634 facile
752 574 954 654 intellegitur.
990 575 1087 636 Initio
1103 581 1188 640 scri·

203 659 301 723 bandi
311 661 445 727 *alacrior
460 660 534 736 fuit3
557 669 627 738 post
640 660 738 738 magis
752 661 912 740 magisque
926 681 1032 721 somno
1049 682 1187 743 oppres-

203 765 255 806 sus
277 755 308 806 et
329 745 383 806 ubi
405 744 539 806 debebat
560 746 784 825 interpungere
799 746 900 805 omisit
922 754 954 806 et
973 746 1028 805 ubi
1042 767 1107 806 non
1123 748 1187 811 de·

202 831 297 893 bebat
318 832 410 909 signa
431 849 488 890 sua
509 831 663 909 apposuit.
707 830 817 909 Neque
846 831 979 890 correxit
1001 833 1184 911 quisquam,

204 925 236 977 et
264 916 389 976 omnino
423 934 441 974 e
468 915 600 975 maximo
634 932 762 975 numero
795 922 964 976 erratorum
990 917 1186 995 paucissima

107 1037 110 1040 ⁴
204 999 380 1074 emendata,
402 1020 420 1058 a
441 998 591 1059 librario'
582 1018 651 1079 rpso
666 999 768 1073 credo,
792 1020 865 1060 nam
887 1023 906 1062 a
919 1009 1091 1062 correctore
1105 1023 1185 1063 cum

204 1085 301 1145 altero
324 1084 463 1163 exemplo
486 1083 631 1145 collatum
659 1104 727 1145 esse
749 1084 887 1146 codicem
908 1085 1100 1147 confidenter
1120 1109 1182 1148 ne-

203 1169 340 1249 gendum
355 1177 412 1232 est.
452 1162 599 1230 Ceterum
613 1171 704 1248 signa
718 1170 956 1250 corrigendique
971 1171 1049 1231 ratio
1065 1171 1184 1233 eadem

118 1288 120 1291 v
204 1256 341 1334 quaein
363 1254 460 1315 altero
484 1254 590 1315 codice
613 1254 824 1337 adhibetur.

286 1373 338 1434 De
359 1373 451 1433 rebus
474 1358 718 1473 orthographicis
740 1373 818 1434 haec
839 1375 996 1436 monenda
1016 1324 1181 1438 videntur

201 1457 272 1520 Iota
294 1465 411 1519 mutum
432 1459 507 1518 satis
522 1457 717 1537 diligenter
708 1479 741 1518 m
734 1459 916 1604 gplerisque
930 1460 1005 1519 locis
1021 1446 1177 1536 additum,

202 1563 271 1603 raro
295 1542 453 1620 omissum3
484 1552 591 1602 contra
613 1539 706 1623 ἐγώι,
734 1539 866 1617 ἐπιεικῆι
894 1563 1037 1624 quaeque
1059 1546 1180 1607 similia

201 1637 274 1688 sunt
296 1646 448 1706 nusquam
462 1629 669 1706 reperiuntur.
706 1625 737 1688 ΕΙ
755 1628 965 1711 diphthongus
980 1649 1036 1709 pro
1054 1627 1060 1690 l
1077 1630 1179 1710 longa

201 1713 302 1773 vocali
322 1713 397 1772 satis
412 1713 592 1791 frequenter
606 1722 787 1791 usurpatum
812 1712 892 1775 adeo
913 1722 948 1774 ut
964 1715 1056 1775 etiam
1077 1717 1179 1776 semel

201 1796 367 1871 πολιτικῆς
387 1799 421 1857 in
441 1797 625 1873 πολειτιιιῆε
646 1799 869 1874 mutatum-siu
893 1798 949 1859 sed
969 1798 1056 1859 haud
1068 1801 1177 1861 minus

200 1903 295 1963 saepe
322 1878 455 1958 nolim(
484 1891 515 1943 et
541 1883 636 1962 τιμᾶν
664 1902 806 1962 quaeque
839 1884 951 1944 similia
977 1892 1061 1946 sunt.
1104 1884 1177 1945 Ista

201 1968 327 2048 quidem
348 1966 433 2027 haud
456 1966 550 2028 dubie
571 1969 699 2042 vitiosa,
717 1965 806 2030 πόλι
832 1988 888 2047 pro
914 1965 1008 2030 πόλει
1030 1978 1061 2029 et
1083 1964 1176 2044 ὕβρι(

199 2074 257 2132 pro
278 2049 384 2130 ὕβρει(
407 2062 437 2114 et
459 2048 542 2134 οἰκίᾳ
569 2073 626 2133 pro
650 2048 765 2134 οἰκείᾳ,
788 2053 900 2133 quibus
923 2070 987 2114 ιναι
1008 2073 1064 2133 pro
1086 2048 1175 2116 εἶναι

201 2138 370 2212 accederet,
394 2139 455 2199 nisi
477 2139 510 2198 id
532 2137 659 2218 quidem
680 2139 747 2217 ipse
762 2139 954 2199 correxisset.
989 2138 1101 2218 Neque
1116 2141 1174 2199 mi-

200 2245 258 2284 nus
274 2225 426 2284 vitiosum
447 2222 674 2303 barbarumque
696 2224 849 2300 δυναμειν
876 2243 932 2303 pro
958 2218 1093 2300 δύναμιν
1116 2244 1174 2303 po-

200 2309 240 2368 sit
228 2317 300 2382 tum,
326 2317 357 2368 et
378 2308 462 2386 quod
477 2309 602 2368 videtur
616 2316 699 2369 certe
715 2309 869 2369 exstitisse
884 2310 917 2367 in
940 2309 1007 2371 loeo
1022 2309 1173 2370 lacunoso

198 2387 514 2470 servercucvlvffi
546 2393 629 2452 Tum
650 2388 881 2472 ἐπεο[εύθηιαν
903 2414 960 2472 pro
981 2389 1173 2468 ἐπαιδεύθη·

200 2492 258 2540 (αν
280 2497 344 2536 uno
367 2485 450 2537 certe
470 2476 553 2550 loeo,
583 2486 614 2537 et
636 2493 709 2553 μετε
731 2498 786 2557 pro
809 2474 887 2555 μήτε
909 2487 940 2538 et
963 2494 1090 2554 οικηταε
1112 2498 1173 2558 pro
1224 2520 1225 2523 =

200 2557 340 2641 οικέταε,
370 2581 406 2620 ac
426 2562 551 2640 saepius
573 2572 779 2623 consonantes
800 2583 963 2644 perperam
985 2564 1171 2642 geminatae,
1224 2580 1225 2583 ’

198 2656 234 2706 ut
255 2641 461 2708 illaudatus
485 2654 515 2706 et
536 2648 716 2727 saepissime
745 2643 937 2725 γεγέννημαι
958 2668 1014 2728 pro
1036 2644 1172 2723 γεγένη-
1224 2670 1225 2673 “

199 2746 261 2806 μαι.
305 2730 436 2791 Accedit
456 2733 615 2812 proprium
628 2732 856 2813 Aegyptiorum
870 2734 980 2793 vitium
1000 2728 1032 2793 Δ
1048 2732 1172 2793 mediae

157 2872 160 2877 r
198 2813 224 2877 Τ
246 2825 373 2877 tenuem
393 2815 610 2891 substituendi,
635 2817 720 2917 quood
743 2819 864 2877 etiam
855 2839 891 2879 m
911 2818 1040 2898 privatis
1063 2837 1172 2878 eorum

197 2901 311 2962 libellis
340 2902 490 2963 cernitur.
517 2898 643 2978 πατρίτι
671 2904 766 2982 igitur
792 2904 923 2982 legimus
953 2911 984 2963 et
1010 2918 1090 2963 ατον
1112 2923 1169 2982 pro
1224 2974 1225 2977 Ἴ

198 2982 293 3065 ᾅδου,
315 2987 426 3066 quibus
441 2987 594 3049 accedunt
607 2989 712 3048 statim
726 2997 862 3049 correcta
876 2984 988 3068 ἄντρα,
1010 2983 1169 3087 εὐτοξίαν,
1224 2992 1225 2997 ’

199 3068 344 3149 cronos.
387 3070 427 3132 In
449 3074 628 3134 universum
648 3074 743 3152 igitur
763 3073 914 3188 iudicanti
935 3072 995 3134 hoc
1009 3093 1168 3152 genusvr·

197 3240 400 3255 -ρ-ι--ι

238 3339 364 3406 *.)οῐ
381 3340 466 3391 Arist
485 3342 567 3395 Rhet.
585 3342 639 3406 111,
657 3344 686 3393 5·
707 3340 744 3394 τὰ
761 3340 815 3407 γὰρ
834 3338 1017 3406 Ἡρακλείτου
1035 3338 1167 3394 διαετίξαι

198 3408 283 3492 ἔργον
304 3408 350 3461 διὰ
371 3406 406 3459 τὸ
428 3407 535 3473 ἄδηλον
553 3378 639 3462 circu
645 3408 760 3476 ποτέρῳ
784 3409 957 3475 πρόεκειται,
981 3413 1024 3476 τῳ
1047 3408 1167 3475 ῦετερον
1224 3460 1225 3467 ,

196 3476 215 3541 ἢ
233 3474 276 3542 τω
295 3475 438 3542 πρότερον
455 3474 513 3528 κτὲ.
562 3550 565 3557 ⁴
1224 3494 1225 3497 ¹
