2467 3942
148 166 149 173 ί
204 195 337 268 XXXII
483 206 531 254 υα
553 204 635 253 HYP.
659 178 896 265 αυοφυυητιι.

205 365 241 428 δέ
263 361 460 442 πραγμάτων
482 360 520 425 τὸ
543 359 702 439 εὔκαιρον,
725 362 782 438 τῆς
803 360 840 424 δέ
861 362 1054 437 καταςκευῆς
1075 359 1112 423 τὸ
1135 361 1180 441 μὴ

205 448 357 528 τραγικὸν
380 445 458 527 μηδὲ
481 444 624 523 ὀγκῶδες
645 443 719 528 ἔχη·
741 448 841 509 ταῦτα
861 445 924 523 γὰρ
948 443 1077 525 μέγιςτα
1097 443 1179 509 ἐκεί-

205 552 267 598 νου
289 535 349 597 τού
371 530 491 611 ἀνδρὸς
512 528 579 594 ἴδιά
601 529 697 595 ἐςτιν
720 527 909 608 Ὑπερείδου
933 528 1064 605 λεγέτω,

289 620 451 699 Longinus
474 621 527 699 qui
551 618 664 678 dicitur
685 614 758 692 περὶ
780 613 886 693 ὕψους
907 616 1069 678 XXXIV:

290 701 324 766 Εἰ
346 701 375 766 δ’
396 701 534 784 ἀριθμῷ,
560 701 601 780 μὴ
624 704 671 782 τῷ
694 699 817 777 μεγέθει
838 698 979 779 κρίνοιτο
1003 699 1043 763 τὰ
1063 718 1182 779 κατορ-

206 788 356 870 θώματα,
385 785 490 851 ούτως
520 784 560 851 ἂν
589 785 642 850 καὶ
663 783 833 863 Ὑπερίδης
855 789 901 868 τῷ
923 784 1021 849 παντὶ
1042 784 1183 864 προέχοι

206 871 445 952 Δημοςθένους.
488 869 553 935 ἐςτι
585 871 648 948 γὰρ
681 868 784 934 αὐτοῦ
817 869 1095 948 πολυφωνότερος
1127 869 1184 935 καὶ

206 957 339 1023 πλείους
368 955 486 1035 ἀρετὰς
514 954 600 1034 ἔχων
631 955 683 1020 καὶ
711 954 827 1034 ςχεδόν
849 953 994 1034 ύπακρος
1015 955 1051 1020 ἐν
1073 957 1182 1038 πᾶςιν,

206 1042 252 1107 ῶς
275 1041 294 1106 6
316 1040 511 1121 πένταθλος,
540 1039 621 1105 ὥςτε
648 1046 714 1105 τῶν
742 1041 800 1120 μὲν
827 1038 996 1118 πρωτείων
1025 1039 1061 1105 ἐν
1083 1038 1184 1105 ἅπαςι

205 1127 302 1210 (τοῖς)
323 1131 390 1191 τῶν
413 1122 522 1191 ἄλλων
546 1124 734 1201 ἀγωνιςτῶν
750 1123 922 1208 λείπεςθαι,
944 1124 1123 1204 πρωτεύειν
1143 1126 1183 1190 δὲ

194 1217 273 1277 ,τῶν
302 1210 449 1276 ἰδιωτῶν,
493 1208 512 1273 6
540 1209 598 1288 μέν
628 1230 665 1286 γε
688 1208 858 1289 Ὑπερίδης
886 1209 969 1288 πρὸς
997 1214 1044 1274 τῶ
1072 1209 1184 1275 πάντα

168 1300 169 1303 ’
207 1296 269 1363 ἔξω
291 1316 328 1372 γε
356 1298 413 1374 τῆς
441 1295 615 1360 ςυνθέςεως
639 1297 793 1376 μιμείςθαι
819 1295 860 1359 τὰ
881 1273 1104 1374 Δημοςθένειο
1125 1315 1183 1359 κα-

206 1382 399 1461 τορθώματα
430 1380 566 1444 καὶτὰς
593 1379 748 1445 Λυςιακὰς
782 1379 817 1444 ἐκ
844 1382 995 1459 περιττοῦ
1021 1378 1184 1459 περιείλη-

207 1487 270 1547 φεν
293 1463 409 1547 ἀρετάς
431 1484 466 1529 τε
487 1465 539 1528 καί
560 1463 700 1544 χάριτας.
736 1465 787 1529 καὶ
808 1466 870 1544 γὰρ
892 1467 986 1529 λαλεῖ
1005 1465 1084 1544 μετὰ
1098 1464 1184 1544 ἀφε-

124 1574 126 1585 ¹
206 1550 306 1629 λείας,
336 1550 416 1617 ἔνθα
441 1551 521 1632 χρή,
548 1550 602 1615 καὶ
628 1549 669 1614 ού
698 1548 805 1615 πάντα
827 1549 898 1628 ἑξῆς
917 1549 969 1614 καί
990 1547 1185 1627 μονοτόνως

206 1635 253 1701 ῶς
275 1635 294 1700 6
317 1634 526 1715 Δημοςθένης
548 1633 644 1711 λέγει,
667 1633 706 1698 τό
729 1655 765 1699 τε
785 1633 897 1712 ἠθικὸν
920 1634 987 1714 ἔχει
1002 1633 1080 1714 μετὰ
1103 1637 1183 1711 γλυ-

205 1722 341 1799 κύτητος
370 1719 458 1803 [ἡδὺ]
487 1721 582 1784 λιτῶς
611 1718 874 1800 ἐφηδυνόμενον·
902 1718 1023 1800 ἄφατοί
1048 1739 1083 1784 τε
1104 1721 1184 1799 περὶ

207 1805 307 1871 αὐτόν
331 1803 597 1886 εἰςινάςτείςμοί,
622 1805 741 1884 μυκτὴρ
763 1805 1025 1887 πολιτικώτατος,
1047 1814 1067 1880 γ
1089 1803 1183 1882 εύγέ-

207 1911 289 1974 νεια,
311 1890 349 1955 τὸ
371 1890 452 1955 κατὰ
472 1891 530 1976 τὰς
552 1889 717 1968 εἰρωνείας
743 1888 989 1972 εύπάλαιςτρον,
1012 1889 1185 1969 ςκῶμματα

172 2020 174 2023 v
208 1975 269 2041 ούκ
290 1973 414 2054 ἄμουςα
437 1973 508 2039 οὐδ’
529 1974 687 2050 ἀνάγωγα
713 1976 794 2039 κατὰ
821 1975 899 2039 τοὺς
920 1974 1081 2039 Ἀττικοὺς
1103 1974 1184 2041 ἐκεί-

207 2080 287 2127 νους
308 2057 360 2140 ἅμ’
383 2059 574 2144 ἐπικείμενα,
596 2059 767 2139 διαςυρμός
788 2078 823 2123 τε
846 2058 1003 2127 ἐπιδέξιος
1024 2060 1079 2124 καὶ
1092 2060 1183 2125 πολὺ

158 2164 162 2169 ·
207 2146 245 2211 τὸ
268 2144 408 2224 κωμικὸν
430 2146 482 2211 καὶ
503 2146 582 2225 μετὰ
604 2147 734 2210 παιδιᾶς
755 2142 910 2223 εύςτόχου
931 2144 1085 2226 κέντρον,
1112 2143 1183 2225 ἀμί-

208 2250 309 2312 μητον
339 2232 376 2295 δὲ
406 2229 508 2296 εἰπεῖν
537 2230 575 2294 τὸ
605 2229 643 2296 έν
673 2232 749 2295 πᾶςι
779 2228 908 2295 τούτοις
940 2228 1181 2310 ἐπαφρόδιτον·

209 2314 397 2382 οἰκτίςαςθαί
411 2334 446 2378 τε
468 2313 744 2398 προςφυέςτοτος,
766 2314 872 2379 ἔτιδὲ
894 2317 1111 2394 μυθολογῆςαι
1131 2335 1184 2381 κε-

209 2401 348 2481 χυμένος
370 2395 479 2460 καὶέν
501 2393 591 2477 ὑγρῷ
612 2397 769 2475 πνεύματι
792 2399 985 2464 διεξοδεΰςαί
1014 2421 1044 2464 τι
1066 2398 1184 2480 εὐκαμ-

209 2486 272 2565 πὴς
294 2483 414 2558 ἄκρως·
438 2477 546 2558 ὥςπερ
562 2478 672 2559 ἀμέλει
687 2483 728 2546 τὰ
743 2483 801 2560 μὲν
816 2483 891 2560 περὶ
905 2484 964 2563 τὴν
979 2484 1072 2563 Λητὼ
1088 2505 1184 2565 ποιη-

159 2626 164 2629 ,
209 2568 379 2643 τικῶτερα,
401 2562 460 2631 τὸν
483 2564 511 2629 δ’
533 2563 706 2645 ἐπιτάφιον
729 2565 943 2633 ἐπιδεικτικῶς
966 2569 1014 2633 ῶς
1035 2570 1095 2634 ούκ
1118 2567 1186 2637 οἶδ’

210 2653 240 2718 εί
260 2670 306 2715 τις
329 2648 429 2715 ἄλλος
451 2649 584 2715 διέθετο.
623 2649 643 2714 6
665 2652 702 2715 δὲ
716 2651 926 2731 Δημοςθένης
941 2651 1186 2734 ἀνηθοποίητος

209 2735 393 2816 ἀδιάχυτος,
416 2734 525 2812 ἥκιςτα
546 2734 646 2815 ὑγρὸς
661 2736 681 2814 ἢ
697 2735 913 2811 ἐπιδεικτικός,
937 2738 1093 2806 ἁπάντων
1109 2739 1185 2820 ἑξῆς

209 2824 277 2886 τῶν
299 2821 543 2901 προειρημένων
559 2822 692 2887 κατὰτὸ
707 2822 809 2888 πλέον
832 2819 975 2904 ἄμοιρος.
1012 2823 1091 2907 ἔνθα
1106 2825 1185 2903 μέν·

209 2925 260 2971 τοι
282 2907 413 2982 γελοῖος
434 2905 518 2972 εἶναι
539 2907 679 2986 βιάζεται
699 2908 752 2971 καὶ
774 2905 910 2991 ἀςτείος,
933 2908 973 2972 οὐ
994 2909 1121 2984 γέλωτα
1136 2932 1186 2975 κι-

209 2992 261 3056 νεῖ
282 2993 407 3070 μᾶλλον
428 2992 448 3070 ἢ
470 2993 696 3073 καταγελᾶται,
719 2991 799 3058 ὅταν
821 2993 857 3056 δέ
879 2991 1012 3069 ἐγγίζειν
1034 2991 1112 3077 θέλῃ
1133 3002 1185 3082 τῷ

211 3075 355 3156 ἐπίχαρις
377 3074 471 3159 εἶναι,
492 3076 565 3141 τότε
588 3077 690 3142 πλέον
713 3075 887 3157 ἀφίεταται.
924 3076 962 3140 τό
984 3076 1021 3152 γέ
1040 3096 1091 3142 τοι
1106 3082 1187 3159 περὶ

209 3161 339 3241 Φρύνης
360 3160 379 3240 ἢ
401 3160 636 3240 Ἀθηνογένους
658 3159 802 3239 λογίδιον
821 3159 1020 3239 ἐπιχειρήςας
1041 3163 1184 3244 γράφειν

211 3244 257 3312 ἔτι
279 3247 403 3325 μᾶλλον
424 3247 465 3312 ἂν
481 3244 654 3326 Ὑπερίδην
670 3246 864 3326 ςυνέςτηςεν.
902 3245 975 3312 ἀλλ’
994 3246 1184 3336 ἐπειδήπερ,

211 3330 311 3412 οἶμαι,
333 3332 373 3396 τὰ
395 3332 452 3409 μὲν
475 3330 613 3410 θατέρου
636 3333 729 3412 καλὰ,
751 3331 803 3398 καί
818 3329 846 3396 εἰ
860 3333 979 3415 πολλὰ,
1002 3331 1091 3412 ὅμως
1105 3333 1183 3416 ἀμε-

210 3417 288 3496 γέθη
309 3415 361 3483 καὶ
383 3413 438 3479 οία
458 3417 625 3497 νήφοντος
642 3415 732 3497 Ἰοἰργὰ
761 3418 893 3483 καὶτὸν
922 3416 1084 3499 ἀκροατὴν
1108 3418 1182 3501 ἠρε-

211 3504 282 3582 μεῖν
310 3501 416 3583 ἐῶντα
442 3539 486 3548 -
512 3500 619 3568 οὐδεὶς
644 3504 728 3579 γοῦν
750 3502 924 3584 Ὑπερίδην
952 3503 1182 3582 ἀναγινώςιιων
