2467 3942
68 221 85 256 s
186 178 208 241 ο
312 175 598 241 Μκααοανοε
615 140 1059 242 Ααουκπαεππνιαιια

251 357 427 440 Καρκίνου
440 346 603 438 όμδοότης
615 357 733 440 μοίρης
746 355 800 420 ἔπι
814 359 1060 440 παμφαίνοντι·

204 475 237 531 75
249 471 356 525 κεῖται
373 455 411 524 δὲ
422 453 558 543 τμήγων
571 455 695 542 μέσσον
709 452 765 523 διὰ
777 462 950 544 Καρκίνον
962 453 1084 546 αὐτόν,

248 557 379 647 ξανθήν
392 553 417 628 τ’
432 555 593 645 αὐχενίην
606 563 724 645 χαίτην
737 574 895 647 χαροποῖο
908 561 1070 647 Λέοντος,

251 660 394 750 σπεῖράν
402 665 443 730 ’τε
452 657 732 749 προότηνὌφιος,
754 667 897 751 βριαροῦ
909 658 934 730 τ’
947 660 1128 754 Ὀφιοόχον

253 761 545 854 ὤμους,”ορνιδός
558 791 594 832 τε
611 765 715 852 δέρην
728 764 1047 854 ταννσιπτερόγοιο,

253 869 310 937 καί
324 866 430 947 πόδας
438 862 620 954 Ἱππείονς,
634 865 743 955 χειρός
754 863 779 935 τ’
795 863 931 954 ἀγκῶνα
945 877 1085 960 βορείου

203 982 244 1045 80
254 969 492 1059 Ἀνδρομέδης,
507 972 637 1058 καρπόν
649 997 686 1039 τε
699 967 794 1058 χερὸς
806 970 905 1059 ίαιην
922 974 963 1041 δέ
972 1000 1010 1043 τε
1024 971 1167 1065 κνήμην

251 1075 418 1163 Περσέος,
433 1069 591 1142 όστότιόν
604 1099 641 1142 τε
655 1070 757 1153 ποδός
770 1076 877 1163 θέναρ
886 1069 1075 1165 Ἡνιόχοιυ,
1220 1116 1223 1159 t

250 1177 306 1248 καὶ
319 1181 471 1266 βριαροόν
484 1175 652 1264 Διδύμων
671 1173 732 1244 δόο
748 1174 814 1246 σόν
825 1184 971 1268 χείρεσσι
984 1180 1127 1270 κάρηνα.

290 1277 397 1370 αὐτὰρ
412 1286 480 1368 ίση
488 1310 512 1369 μ
521 1277 666 1369 ερινόν
678 1307 727 1359 τις
740 1281 784 1373 ἑῷ
797 1278 971 1370 φροίσσαιτ’
986 1286 1040 1353 ένὶ
1054 1287 1153 1377 θυμῷ

251 1380 388 1471 ἀστέρος
400 1385 439 1451 έκ
451 1382 606 1470 μεσότοιο
619 1382 868 1472 χαρασσόμενον
881 1391 1019 1473 Κριοῑο,

198 1496 238 1558 85
254 1496 372 1556 κεῖθεν
385 1482 418 1555 δ’
435 1477 479 1554 αὖ
493 1485 783 1576 παραμειβόμενον
795 1486 929 1577 Ταύρου
943 1488 1051 1570 πόδας
1063 1487 1185 1580 ἄκρους,

252 1590 309 1658 καί
324 1586 431 1676 καλὴν
443 1587 552 1677 ζεόνην
568 1588 778 1678 δηροκτόνον
790 1587 967 1680 Ὠρίωνος,

238 1689 360 1782 Ὗδρης
373 1688 405 1762 δ’
424 1686 526 1763 δίκδν
538 1688 747 1782 ἀπειρεσίης,
768 1693 928 1783 Κρητῆροί
941 1721 978 1763 τε
989 1697 1132 1782 μέσσον,

249 1797 323 1884 ἑξῆς
337 1791 370 1864 δ’
390 1793 573 1887 ἀκροτάτου
587 1801 732 1884 στοίμοῦ
745 1793 880 1880 ναίοντ’
897 1799 1071 1888 ἐρατεινῆς

248 1900 450 1989 Παρθένου,
466 1899 602 1989 ἰοβόλον
614 1926 651 1970 τε
666 1899 738 1969 διὲκ
751 1905 852 1989 χηίῆς
865 1899 1041 1989 περόωντα

198 2017 233 2073 90
244 1998 440 2091 Σκορπίου,
461 2001 579 2090 ίννόας
592 2029 629 2072 τε
644 1999 844 2092 διακρίνονί
857 2000 1059 2092 Ὀφιοόχον,

165 2132 167 2137 ’
246 2105 303 2174 καί
315 2112 429 2194 χαίτης
446 2104 550 2197 ἀκρίς
563 2106 786 2203 έπαφεόμενον
799 2102 1046 2193 ἀκέοςἽππον,

249 2209 372 2296 μέσσον
388 2205 413 2277 τ’
430 2205 669 2299 ἀμφοτέροισιν
683 2212 720 2279 ἐν
729 2206 855 2296 Ἰχδόσι
868 2208 1061 2281 δινεύοντα.

284 2318 498 2401 χειμερίου
519 2312 557 2381 δὲ
576 2316 709 2402 τροπῆ
716 2340 733 2392 ς
748 2310 875 2383 κόκίον
888 2319 975 2382 Ιθοοῦ
988 2315 1183 2405 Αίγοκερῆνς

244 2414 384 2485 σκέπτεο
398 2413 464 2503 πάρ
479 2417 611 2504 μέσσοιο
627 2412 860 2504 διεκπερόωνί
876 2417 931 2486 έπὶ
946 2423 1054 2505 γοῦνα

194 2528 231 2587 95
244 2514 399 2607 ἀμφότερ’
411 2514 604 2607 ’Ῥδροχόοω
625 2520 682 2588 καί
700 2517 827 2607 Κήτεος
841 2524 1004 2589 είναίίοιο

246 2619 370 2711 οὐρήν,
386 2618 447 2710 ἠδέ
464 2626 609 2710 Λαγωοῦ
623 2619 688 2692 ἀπὸ
702 2624 852 2710 στέρνων
866 2625 922 2692 ἐπὶ
935 2625 1040 2712 μέσσα
1074 2687 1077 2692 .

246 2725 461 2819 νισσόμενον,
480 2724 634 2815 πρότονς
650 2752 686 2794 τε
700 2724 805 2806 πόδας
818 2724 948 2812 Κυνός,
971 2723 1033 2816 ἠδὲ
1046 2727 1104 2796 καί
1114 2721 1179 2813 Ἀρ·

831 2856 912 2916 ινιτ

245 2926 460 3017 ποντοπόρον
471 2931 634 3018 τέμνοντα
648 2914 696 2999 δι’
718 2930 856 3020 αἰθέρος
869 2929 956 3022 ἄκρα
970 2930 1135 3021 κόρυμβα,

160 3110 163 3115 ,
236 3030 443 3120 ιΚενταόρον
455 3029 481 3102 τ’
498 3029 609 3121 νόμους
626 3039 769 3121 νοτίους,
783 3035 923 3125 κέντρον
936 3030 961 3103 τ’
977 3031 1088 3105 όίοοίο

179 3151 231 3205 100
240 3139 430 3222 Σκορπίου,
451 3133 511 3224 ἠδὲ
523 3133 599 3224 βιὸν
613 3138 762 3225 στέρνων
775 3140 857 3226 μέτα
876 3141 1086 3228 Τοξευτῆρος.

280 3235 338 3306 τὸν
359 3233 391 3306 δ’
414 3234 479 3327 ἀρα
500 3236 542 3328 δὴ
562 3232 723 3328 νότιον,
749 3237 822 3329 μεθ’
843 3236 885 3310 δν
903 3238 1016 3311 οόκέτι
1036 3241 1152 3329 φέγγος

823 3339 939 3433 ὁρᾶται

240 3437 374 3528 ἀστρων
387 3438 598 3530 ἀνθρώποις,
621 3448 656 3511 οἳ
667 3440 709 3533 δὴ
722 3442 832 3532 χθόνα
844 3446 946 3536 τήνδε
961 3449 1131 3535 νέμονται,

242 3537 383 3635 ὁπίῇσιν
397 3546 589 3636 Κένταυρος
603 3541 677 3616 ὑπό·
688 3549 870 3641 σφετέρησι
887 3549 1063 3644 χαροίσσει,
