2467 3942
461 218 672 269 rmnrsrm.
990 212 1058 274 VII

72 393 142 441 tam
167 390 214 441 est
237 379 388 441 orationis
408 397 463 458 pro
483 377 692 459 Lycophrona
713 382 913 460 posteriorem
934 390 1055 461 partem

76 466 379 546 Euxenippeamque
411 465 564 542 integram
596 464 710 526 inesse.
765 465 913 527 Nondum
948 474 1054 527 tamen

77 551 186 630 copias
220 549 390 611 Thebanae
430 548 595 609 exhaustas
634 567 701 610 esse
735 558 857 630 tempus
894 553 1053 632 patefecit.

76 636 175 696 Anno
196 637 283 695 enim
298 634 381 695 1856
402 634 512 693 tertius
524 633 694 695 Britannus
708 633 751 695 H.
767 634 892 696 Stobart
913 656 953 697 ex
965 655 1053 716 pere·

78 721 259 800 grinatione
272 719 468 800 Aegyptiace
483 717 562 778 alins
577 719 752 794 voluminis,
776 720 861 799 quod
883 723 1054 783 orationem

78 804 245 865 funebrem
258 803 431 884 Hyperidis
446 804 650 878 continuerat,
674 805 851 884 fragmenta
872 806 907 865 in
923 807 1056 886 patriam

3 904 4 909 ’
79 884 191 950 secum
207 889 323 962 attulit,
348 907 428 968 quae
443 907 462 947 a
482 888 661 949 tabernario
676 890 811 969 quodam
826 890 945 951 Thebis
966 890 1055 952 habi·

78 983 178 1046 tante,
195 993 288 1053 quem
302 973 436 1035 eundem
451 970 667 1034 Gastellarinm
682 994 750 1035 esee
764 976 931 1054 putareris,
949 985 1053 1056 empta

77 1058 247 1119 referebat.
290 1058 458 1120 Praeterea
479 1059 609 1138 parvula
631 1060 806 1139 fragmenta
832 1062 943 1140 prioris
969 1061 1054 1121 illins

9 1154 14 1157 “
76 1144 246 1203 voluminis
268 1145 351 1204 inter
370 1142 504 1203 Ardenii
525 1145 628 1204 varias
651 1144 782 1206 schedas
804 1145 984 1225 Babington
1006 1147 1053 1205 in·

3 1292 5 1307 ἰ
78 1229 261 1307 vestigavit,
280 1229 342 1289 alia
363 1227 498 1288 Parisios
518 1229 559 1288 ad
572 1229 758 1290 Michaelem
773 1228 901 1291 Obasles
917 1231 1052 1291 devene-

3 1312 5 1321 '
78 1320 163 1386 runt,
179 1314 412 1392 quaellggerus
428 1332 529 1393 nuper
543 1313 656 1391 edidit3
674 1314 795 1394 reliqua
808 1315 927 1395 perissa
937 1316 989 1376 vel
1003 1315 1054 1374 hic

3 1438 5 1451 2
78 1398 144 1457 illic
165 1418 224 1477 per
235 1397 394 1477 Europam
410 1396 631 1479 Aegyptumre
652 1399 775 1460 latitare
797 1400 971 1478 putandum
997 1409 1053 1460 est.

3 1542 4 1551 ,
165 1483 287 1542 Primus
301 1482 459 1542 Harrisius
481 1502 565 1543 anno
582 1484 663 1544 1848
686 1484 862 1563 fragmenta
883 1503 940 1545 sua
961 1484 1053 1545 litho-

3 1566 4 1571 ’
79 1567 229 1647 graphica
242 1575 308 1628 arte
323 1567 491 1646 diligenter
505 1587 651 1648 expressa
665 1569 761 1629 oculis
775 1568 935 1629 hominum
950 1569 1053 1631 docto·

3 1662 4 1671 ¹
79 1672 149 1711 rum
169 1650 299 1712 subiecit
324 1671 492 1731 eorumque
518 1653 623 1715 studia
650 1674 764 1734 magna
791 1655 947 1715 excitarit.
990 1655 1053 1715 Eo·

80 1736 153 1797 dem
181 1745 320 1816 tempore
352 1738 385 1796 in
414 1734 583 1797 Germania
612 1737 770 1818 Sauppiue
803 1739 1051 1819 Boeclrhiusque,

79 1839 185 1900 neque
217 1821 313 1881 multo
346 1829 417 1900 post
448 1822 482 1881 in
517 1822 682 1884 Britannia
709 1822 834 1884 Samuel
867 1823 988 1904 Sharpe
1023 1833 1054 1885 et

81 1904 241 1969 Gburchill
255 1905 443 1985 Babiugton,
466 1906 516 1966 vir
531 1907 570 1967 de
583 1906 749 1988 Hyperide
765 1909 914 1988 imprimis
937 1910 1052 1988 optime

78 1991 215 2063 meritus,
239 2010 365 2071 operam
385 1992 419 2051 in
442 1992 486 2052 eis
499 1992 643 2071 legendis
659 1994 882 2072 componendis
897 1993 1052 2054 adornan-

80 2074 128 2134 dis
152 2076 391 2137 collocavernnt.
434 2075 530 2137 Anno
554 2076 668 2138 deinde
693 2079 774 2138 1853
789 2077 948 2139 Ardenins
964 2098 1053 2138 suum

78 2160 225 2222 volumen
252 2161 366 2233 edidit,
396 2160 591 2241 splendidius
624 2164 719 2222 etiam
743 2163 1053 2242 magnificentiusque

79 2264 174 2324 quam
208 2245 368 2305 Harrisins
401 2245 518 2306 fecerat
548 2245 739 2326 lithograpbi
768 2255 834 2306 arte
864 2265 1051 2325 expressum,

79 2331 184 2389 colore
212 2349 335 2410 quoque
362 2331 476 2412 papyri
501 2333 648 2411 rimisque
676 2329 828 2391 omnibus*
842 2350 960 2392 summa
983 2331 1054 2391 dili··

79 2416 188 2493 gentio
211 2414 335 2491 effletis3
365 2414 529 2476 adiunctus
557 2425 626 2477 erat
652 2417 887 2477 commentarius
914 2400 1052 2495 Babing·

77 2499 162 2558 tonis
183 2499 442 2580 locupletissimus
469 2510 634 2580 ceteraque
661 2521 741 2582 quae
767 2502 808 2562 ad
831 2502 986 2563 orationes
1008 2502 1052 2561 le·

78 2583 199 2662 gendes
215 2584 434 2664 perpoliendaa
450 2586 658 2647 restituendas
672 2586 873 2665 pertinebant
887 2586 927 2646 ab
943 2587 1053 2647 eodem

79 2668 248 2746 diligenter
270 2669 423 2730 confecta.
459 2669 588 2750 Integra
601 2690 683 2750 quae
697 2673 759 2731 iam
779 2671 938 2750 prodierat
953 2672 1051 2731 oratio

75 2754 231 2832 simulque
253 2753 357 2832 ampla
383 2754 511 2814 alterius
539 2775 611 2834 pare
634 2755 729 2816 multo
751 2756 849 2817 mains
873 2757 967 2818 etiam
988 2765 1052 2816 stu·

77 2838 165 2898 dium
186 2838 302 2917 ubique
325 2847 548 2900 evocaverunt:
577 2840 728 2901 editorem
748 2840 934 2902 Britannum
955 2840 1053 2901 secuti

74 2931 151 2983 sunt
173 2922 208 2981 in
230 2921 399 2984 Germania
421 2922 640 2986 Schneidewin
663 2934 695 2984 et
718 2923 841 3000 Caesar,
864 2925 899 2985 in
920 2924 1052 2986 Batavis
1150 3004 1151 3007 Ἴ

4 3076 6 3083 ‚
76 3005 188 3079 cobet,
212 3008 297 3087 apud
319 3007 435 3068 Suecos
457 3027 580 3093 quoqne
602 3009 722 3083 Linder
745 3020 776 3070 et
797 3011 831 3069 iu
853 3010 946 3072 Italia
963 3009 1051 3071 Gom·

4 3090 6 3137 7
74 3092 202 3171 paretti,
225 3093 280 3171 qui
300 3093 419 3172 partim·
434 3101 596 3174 utramque
618 3096 798 3168 orationem,
822 3096 935 3175 partim
947 3095 1051 3156 Euxe-

4 3210 5 3213 =
72 3176 228 3256 nippeam'
246 3177 345 3238 solam
367 3177 609 3239 emendatiorem
636 3180 898 3260 integrioremque
920 3180 1052 3241 reddere

74 3262 275 3328 studuerunt.
324 3261 471 3342 Denique
500 3264 690 3324 ann01857
719 3265 816 3325 oratio
845 3265 985 3325 funebris
1013 3263 1052 3322 ab

75 3346 191 3406 eodem
211 3345 409 3427 Babingtone
430 3349 561 3428 parique
582 3348 752 3429 splendore
766 3359 860 3430 atque
882 3349 955 3410 illae
971 3347 1051 3407 duae

75 3429 163 3492 edita
188 3439 249 3507 est3
273 3450 367 3511 quam
387 3440 497 3513 postea
516 3443 740 3494 recensuerunt
755 3433 890 3513 Sauppe,
914 3433 1047 3511 Kayser,

74 3514 149 3576 Tell
163 3515 200 3575 in
223 3512 404 3591 Germania,
432 3517 674 3598 apud-Batavos
698 3516 809 3591 Oobet,
839 3535 930 3595 porro
953 3514 1052 3574 Italus
