2467 3942
69 175 79 199 ·
192 161 272 221 XVI
378 210 381 215 ,
573 167 784 216 rasurrmo.

196 349 265 390 rere
286 328 424 403 videtum
448 336 480 387 at
501 326 535 386 hi
555 325 629 386 libri
650 347 669 386 a
689 326 823 386 librariis
849 326 924 386 satis
947 323 1075 386 rudibus
1101 349 1184 389 con-

196 414 302 494 scripti
325 413 507 491 mendisque
530 413 628 471 omnis
651 412 773 490 generis
795 410 916 489 repleti.
953 412 1073 472 Tamen
1091 410 1183 474 Har·

195 500 264 560 risii
289 497 485 577 Ardeniique
506 496 586 557 liber
614 496 705 557 alteri
732 504 763 557 et
783 515 840 576 per
861 515 895 556 se
916 495 1010 575 longe
1032 507 1184 575 praestat

201 593 232 645 et
254 592 417 663 postquam
439 582 617 642 correctoris
640 601 765 641 manum
788 579 969 659 diligentem
990 590 1037 641 est
1059 600 1184 662 exper-

196 678 245 729 tus
268 686 308 729 ne
331 666 556 747 comparandus
578 666 705 745 quidem
732 675 787 728 est.
831 663 915 726 Sane
938 675 1092 726 corrector
1113 669 1184 730 iste

197 753 437 834 orthographica
451 772 515 813 non
532 752 666 811 curavit:
689 751 815 830 reliquit
836 751 953 810 intacta
966 751 1022 828 τῆ,
1039 748 1183 833 tihellus,

196 834 387 914 δικαετήριαι
407 836 531 917 aliaque
547 855 646 915 aeque
662 835 764 908 foeda,
788 835 926 915 satisque
946 837 1076 914 putavit,
1102 857 1183 898 cum

120 994 122 999 ,
194 939 297 985 τουοιι
319 943 375 1003 pro
397 922 456 984 τοῦ
478 916 550 984 υἱοῦ
578 921 726 1000 scriptum
753 921 952 999 repperisset,
982 923 1183 983 comissum

195 1008 338 1087 neglecto
363 1025 374 1068 ι
394 1009 605 1088 interponere.
649 1006 760 1085 Neque
787 1006 984 1089 reperiuntur
1009 1007 1079 1085 plus
1107 1016 1181 1068 tres

196 1101 381 1172 quattuorve
402 1092 463 1154 loci
485 1093 519 1153 in
549 1091 662 1171 quibus
689 1090 765 1150 talia
787 1088 952 1152 emendata
973 1092 1051 1151 sint:
1074 1095 1181 1153 semel

197 1173 375 1258 εἰεαγγελίᾳ
397 1198 454 1258 pro
477 1171 669 1249 εἰεαγγελία,
699 1175 794 1235 semel
815 1170 926 1237 ἔπειτα
954 1195 1010 1255 pro
1037 1190 1179 1257 επειται,

197 1263 294 1323 semel
321 1259 514 1325 eruditurus
542 1281 598 1341 pro
627 1257 803 1323 (υνίλεκται
829 1261 1011 1340 repositum,
1040 1270 1072 1321 et
1102 1282 1180 1325 cum

197 1343 337 1410 ἐπεὶκεια
351 1343 543 1427 {uetuitque
555 1346 603 1405 bis
618 1365 683 1405 non
697 1346 864 1425 tetigisset,
885 1365 949 1406 uno
963 1345 1032 1405 loco
1048 1342 1055 1406 Ι
1080 1349 1178 1408 omis·

197 1450 266 1493 sum
293 1434 443 1514 ascripsit.
493 1431 591 1492 Porro
613 1430 709 1491 semel
731 1446 751 1492 ν
772 1426 998 1507 ἐφελκυσικόν
1025 1431 1094 1490 sinc
1116 1451 1178 1494 ne-

198 1518 341 1579 cessitate
370 1517 511 1579 additum
538 1535 642 1576 rursus
671 1515 807 1576 deletum
835 1524 890 1577 est.
933 1514 1039 1594 Quare
1061 1516 1096 1574 in
1122 1516 1178 1577 his

197 1602 289 1663 rebus
312 1602 454 1663 omnihus
470 1601 569 1662 codici
584 1600 701 1661 nullam
715 1601 782 1661 fere
802 1599 895 1660 fidem
909 1598 1086 1661 hahendam
1102 1618 1178 1663 esse

198 1707 303 1751 omues
326 1688 418 1748 facile
439 1685 626 1759 concedent,
656 1705 758 1766 neque
786 1687 932 1746 maiorem
958 1686 993 1744 in
1022 1686 1067 1746 eis
1089 1706 1177 1764 quae

197 1772 240 1833 ad
256 1772 422 1835 dialectum
435 1779 586 1851 spectant,
610 1790 680 1831 cum
701 1790 805 1850 neque
821 1790 860 1830 ex
874 1770 934 1830 hoc
949 1789 1065 1849 genere
1079 1789 1175 1850 prae·

195 1866 245 1917 ter
267 1874 373 1935 οιομαι
394 1858 462 1918 loeo
488 1857 554 1918 eiua
577 1856 662 1935 quod
684 1856 745 1916 fnit
773 1870 861 1934 οιμαι
882 1855 978 1915 semel
999 1856 1176 1936 repositum

197 1961 350 2022 nusquam
371 1943 536 2022 quicquam
550 1947 721 2002 correctum
735 1941 918 2022 reperiatur.
950 1938 995 1999 At
1016 1961 1081 2000 non
1096 1939 1173 2001 ideo

198 2028 303 2088 statim
323 2024 485 2103 Πειραιῶς
507 2046 563 2106 pro
586 2046 623 2087 eo
646 2025 732 2104 quod
752 2026 786 2084 in
809 2024 914 2086 codice
930 2033 977 2087 est
989 2021 1173 2100 Πειραιέως

198 2132 268 2173 cum
284 2111 413 2174 Oobetio
436 2113 640 2193 reposuerim,
664 2129 766 2190 neque
787 2112 891 2171 omnia
913 2110 954 2170 ad
969 2130 1109 2171 normam
1122 2130 1173 2171 se-

196 2198 350 2261 verissimi
363 2196 519 2258 Atticismi
541 2197 711 2276 exegerim:
734 2195 811 2275 quid
833 2195 936 2255 enim?
973 2195 1174 2277 Hyperidem

196 2283 248 2343 vel
270 2284 302 2341 in
324 2283 483 2344 vocabulis
511 2283 588 2361 ipsis
616 2281 883 2360 neglegentiorem
904 2300 979 2341 uum
1001 2281 1113 2341 scimus
1137 2282 1173 2340 in

199 2366 393 2427 declinandis
421 2369 465 2427 eis
497 2376 560 2426 tam
594 2365 776 2445 diligentem
803 2358 920 2426 fuisse?
968 2365 1173 2444 Relinquitur

197 2453 292 2530 igitur
313 2459 347 2510 ut
362 2451 484 2511 codices
498 2470 672 2530 sequamur,
695 2471 761 2511 non
775 2459 931 2530 tamquam
952 2459 1092 2510 auctores
1107 2450 1172 2510 lide

199 2536 319 2616 dignos,
344 2536 401 2598 sed
421 2544 577 2615 tamquam
591 2536 673 2595 solos
689 2538 743 2615 qni
765 2534 977 2615 suppeditent.
1015 2534 1172 2595 Graviora

197 2622 268 2694 alia,
292 2641 372 2701 quae
393 2623 455 2681 iam
477 2620 517 2682 ad
538 2621 724 2681 sententiam
745 2622 844 2700 ipsam
864 2620 1050 2699 pertineant,
1075 2629 1172 2698 atque

197 2709 231 2766 in
247 2707 291 2767 eis
307 2708 364 2767 etsi
379 2727 443 2766 non
458 2705 610 2780 librarius,
636 2714 790 2766 corrector
811 2713 894 2765 certe
908 2703 1084 2765 Ardeniani
1097 2704 1173 2767 libri
1228 2776 1229 2781 η

197 2800 287 2851 tanta
313 2812 382 2851 cum
411 2790 574 2871 diligentia
600 2799 740 2851 versatus
769 2788 895 2864 est,'ut
921 2798 1036 2850 temere
1065 2790 1172 2850 omnia

198 2876 341 2939 mutendi
362 2875 525 2938 libidinem
546 2895 604 2936 nos
627 2875 780 2935 cohibere
797 2874 998 2935 vehementer
1019 2893 1096 2953 opus
1119 2875 1170 2934 sit.

197 2960 387 3022 Emendavit
408 2969 562 3022 corrector
576 2961 698 3021 circiter
709 2969 836 3042 ⁴centum
849 2959 933 3020 locos
947 2960 1088 3031 vitiosos,
1114 2979 1169 3019 ne·
1228 2954 1230 2959 ’

198 3066 259 3126 que
287 3066 417 3126 usquam
445 3047 484 3107 de
513 3046 711 3106 correctionis
745 3047 876 3106 veritate
905 3044 1047 3105 dubitare
1076 3044 1169 3120 licet3

198 3151 278 3211 quae
300 3133 417 3193 intacta
439 3132 565 3212 reliquit
586 3139 695 3209 aperta
716 3131 809 3204 vitia,
839 3129 1084 3210 orthographicis
1107 3129 1171 3189 illis

199 3218 325 3291 omissis,
349 3219 479 3297 triginta
500 3235 662 3276 numerum
682 3217 737 3277 vix
758 3216 923 3276 excedunt.
961 3213 1101 3293 Quorum
1123 3215 1170 3272 vi·

197 3304 310 3362 tiorum
331 3311 366 3364 ut
380 3321 478 3381 genus
494 3303 642 3380 origoque
656 3301 748 3361 simul
761 3302 979 3383 perspiciatur,
996 3300 1073 3360 haec
1088 3317 1171 3378 quae

198 3407 262 3447 non
285 3395 423 3448 correcta
443 3394 517 3446 sunt
538 3387 599 3447 iam
627 3388 661 3445 in
685 3395 852 3465 conspectu
874 3406 997 3465 ponam.
1037 3381 1171 3459 Περιών

198 3492 254 3551 pro
277 3468 411 3549 περιιών
435 3470 554 3532 duobus
575 3471 665 3546 locis,
690 3493 716 3532 c.
731 3472 822 3532 Dem.
838 3473 867 3546 5,
886 3474 904 3531 6
928 3479 959 3531 et
973 3491 1029 3550 pro
1043 3469 1122 3549 Lyc.
1140 3471 1169 3543 2,
