2467 3942
7 2314 9 2351 ι

7 2368 10 2421 ί

7 2514 9 2589 ί

336 216 386 263 nn
406 217 487 265 m.
511 216 749 279 nnoqnnnnu.
914 208 1033 270 XXXI

69 368 128 436 εἴτε
150 369 293 437 Μειδίας
323 371 459 437 Μειδίου
487 371 716 452 Ἀναγυράςιος
742 372 799 438 ἐπ’
828 373 1030 441 Εὐξενίππου

66 454 228 539 ἄρχοντος,
253 456 459 537 Γαμηλιῶνος
480 455 599 543 ἑβδόμη
621 457 807 541 φθίνοντος,
827 458 954 540 ἡιπίθη

442 678 647 691 u—un—u--n-n-

194 842 263 921 ΒΕ
295 844 555 923 HYPERIDIS
587 846 893 936 ELOQUENTIA

374 992 513 1053 ιυυιοιι
534 994 718 1053 vnnnnnn.

140 1205 318 1285 Dionysius
327 1201 484 1282 Ἀρχαίιυν
499 1203 597 1283 κρίςις
605 1207 645 1281 V,
659 1210 677 1268 6
696 1202 763 1286 (qni
776 1206 857 1268 liber
873 1207 1026 1290 eDiony·

62 1292 95 1351 sii
109 1288 185 1367 περὶ
205 1288 364 1368 μιμήςεως
383 1294 601 1353 commentario
623 1291 760 1353 secundo
776 1301 939 1372 οιςοοιρίαιι
952 1291 1027 1372 ent):

140 1371 178 1437 Ὁ
207 1374 245 1437 δὲ
271 1370 457 1453 Ὑπερείδης
485 1373 640 1454 εὔςτοχος
660 1374 735 1457 μὲν,
761 1373 897 1441 ςπάνιον
920 1375 950 1439 δ’
971 1374 1028 1439 αὐ-

62 1457 192 1536 ξητικός·
219 1458 273 1522 καὶ
298 1465 339 1542 πῇ
367 1460 424 1538 μὲν
451 1461 508 1539 τῆς
540 1459 690 1540 φράςειυς
710 1466 885 1543 καταςκευῇ
912 1458 1028 1526 Λυςίαν

63 1541 246 1628 ὑπερηρκώς
252 1592 262 1626 ,
289 1548 327 1626 τῇ
355 1540 392 1608 δὲ
419 1546 475 1620 τῆς
502 1542 717 1627 (οἰκονομίας)
742 1544 925 1626 πανουργίᾳ
947 1544 1028 1612 πάν·

63 1647 126 1692 τας.
168 1628 215 1693 ἔτι
244 1628 280 1692 δὲ
307 1630 368 1694 τοῦ
397 1629 589 1709 κρινομένου
617 1629 793 1695 διαπαντὸς
820 1629 944 1712 ἔχεται,
976 1629 1030 1696 καὶ

64 1714 127 1776 ταῖς
148 1712 301 1790 ἀνάγκαις
322 1713 584 1792 τοῦπράγματος
598 1764 698 1779 .....
714 1714 850 1798 πέφυκε,
872 1716 924 1779 καὶ
939 1714 1029 1781 ςυνέ-

67 1814 107 1861 ςει
126 1800 230 1881 πολλῇ
254 1798 479 1881 κεχορήγηται,
507 1801 560 1864 καὶ
587 1801 720 1880 χάριτος
742 1800 854 1879 μεςτός
875 1799 954 1866 ἐςτι·
976 1799 1029 1864 καὶ

65 1884 165 1948 δοκῶν
192 1883 318 1948 ἁπλοῦς
346 1883 407 1948 οὐκ
435 1883 636 1964 ἀπήλλακται
664 1885 858 1964 δεινότητος
908 1884 1027 1950 τούτου

66 1967 220 2044 ζηλωτέον
242 1966 376 2048 μάλιςτα
397 1974 464 2034 τῶν
487 1969 664 2049 διηγήςεων
685 1971 723 2035 τὸ
747 1971 867 2036 λεπτὸν
889 1971 941 2035 καὶ
955 1968 1028 2049 εὐμ-

67 2070 191 2212 μβιὲξιίιζον,
219 2051 266 2117 ἔτι
293 2053 408 2119 δὲτὰς
431 2053 590 2136 ἐφόδους,
620 2051 700 2137 (αἷς)
722 2054 773 2120 ἐπὶ
795 2057 835 2120 τὰ
856 2055 1028 2136 πράγματα
1103 2062 1106 2069 ’

148 2157 183 2202 ει.

140 2226 230 2286 Idem
252 2226 292 2286 de
314 2226 472 2289 Dinarcho
495 2249 521 2289 ο.
544 2231 578 2287 7:

141 2307 280 2388 Ὁμοίοις
308 2309 361 2373 καὶ
392 2308 537 2374 ἐπὶτῶν
566 2307 771 2388 Ὑπερείδου·
799 2307 858 2372 ἐὰν
884 2310 941 2387 τῆς
968 2307 1027 2389 μὲν

67 2389 175 2457 λέξεως
196 2393 235 2457 τὸ
258 2392 399 2477 ἰςχυρόν,
420 2397 476 2473 τῆς
499 2396 536 2459 δὲ
554 2394 732 2460 ςυνθέςειυς
746 2394 784 2458 τὸ
799 2392 938 2477 ἁπλοῦν,
959 2397 1026 2460 τῶν

7 2592 9 2625 ι
66 2558 147 2625 cion),
166 2562 206 2615 ὥς
224 2576 311 2683 ρηςιν
330 2561 498 2629 Ἰδομενεύς,
517 2563 714 2617 δοιδυκοποιοῦ
733 2562 851 2630 πατρός,
873 2561 924 2617 οὐκ
941 2562 977 2615 ἂν
994 2562 1026 2615 ὲν

7 2632 9 2693 ζ
65 2628 200 2698 τῷλόγῳ
240 2631 269 2682 λ.
298 2630 314 2683 δ
337 2627 500 2697 Ὑπερίδου,
529 2631 612 2697 μυρία
638 2631 807 2697 ςυνειλοχὼς
832 2632 880 2683 ιςοί
905 2629 1026 2696 εἰρηκὼς

7 2698 9 2709 “
65 2694 139 2762 κακά,
156 2699 211 2764 τὴν
228 2696 391 2762 δυςγένειαν
407 2701 544 2766 παρῆκεν.

489 2802 591 2812 ...ο-υ-

124 2849 320 2918 Αυίίοτιίοτυιυ
334 2851 470 2916 Dionysio
488 2853 653 2919 scriptorum
670 2854 839 2905 Graecorum
855 2868 934 2913 unns,
954 2852 1028 2918 quod

63 2915 153 2979 ιοίοςιι,
169 2919 331 2970 Demetrius
342 2919 460 2986 Magnes
478 2936 522 2987 ομ.
537 2922 652 2988 Dionys.
664 2922 729 2975 Din.
744 2924 757 2971 1
777 2936 864 2986 genus
875 2921 1027 2987 Hyperidis

9 3000 16 3046 ι
64 2976 233 3051 eloquentiae
252 2987 379 3054 attingit,
404 2989 438 3039 de
456 2990 598 3041 Dinarnho
617 2989 727 3041 dicens:
750 2986 807 3040 ἔςτι
824 2986 924 3040 τοίνυν
941 2986 1027 3042 οὗτος

63 3074 92 3086 ··
114 3051 198 3106 οὐδὲν
220 3052 388 3108 ἀπολείπων
408 3058 461 3122 τῆς
483 3055 649 3122 Ὑπερείδου
671 3054 792 3122 χάριτος.
831 3057 914 3122 Apud
935 3057 1028 3123 ipsum

63 3114 222 3187 dionysium
239 3124 270 3174 in
288 3124 329 3174 eis
347 3123 426 3175 libris
449 3125 498 3190 qui
520 3125 611 3177 adhuc
633 3129 746 3175 manent
765 3140 820 3175 non
836 3126 879 3175 ita
897 3125 1027 3192 frequen·

63 3187 103 3236 ίοτ
118 3188 270 3258 Hyperidis
289 3192 392 3243 mentio
410 3191 452 3255 fin
474 3192 523 3244 ned
541 3195 601 3259 egit
619 3194 654 3245 do
666 3206 698 3244 οο
716 3194 746 3243 in
763 3191 890 3246 ςυντάξει
902 3193 1027 3244 secunda

65 3258 151 3319 operis
167 3259 200 3311 de
218 3260 343 3327 antiquis
360 3262 529 3325 oratoribus,
554 3263 655 3328 quippe
678 3276 759 3325 quem
775 3261 1027 3327 praestantissimis

66 3326 214 3379 oratoribus
233 3343 283 3379 sex
301 3327 502 3381 adnumeraret.
532 3331 570 3384 ef.
588 3344 618 3381 π.
629 3344 655 3381 τ.
668 3327 729 3394 ἀρχ.
741 3327 805 3396 ῥητ.
819 3344 940 3395 prooem.
959 3345 981 3378 ο.
995 3329 1025 3387 4;

66 3382 95 3438 fle
111 3391 182 3446 Idae.
200 3401 270 3447 extr.
289 3421 324 3432 -—
340 3396 419 3447 Addo
437 3397 521 3450 etiam
537 3397 628 3449 locum
647 3397 680 3448 de
698 3397 762 3448 Din.
780 3399 811 3448 8:
830 3394 857 3448 οἱ
875 3395 925 3459 μὲν
944 3392 1025 3445 Ὑπε-

65 3454 155 3527 ρείδην
172 3463 348 3528 μιμούμενοι,
366 3463 568 3531 διαμαρτόντες
585 3468 638 3530 τῆς
655 3462 769 3530 χάριτος
782 3463 892 3528 ἐκείνης
909 3460 1025 3523 καὶτῆς

63 3520 147 3594 ἄλλης
162 3531 319 3597 δυνάμεως,
338 3529 477 3598 αὐχμηροί
492 3546 568 3585 τινες
586 3532 728 3598 ἐγένοντο.
