2467 3942
180 205 221 270 νε
314 159 597 267 mmmm
612 199 1057 268 Λαονεκκειικναιαα

243 367 346 458 αὖθις
359 372 407 448 ἐπ’
423 373 507 446 άλλα
519 375 671 465 μέλαθρα
684 377 741 446 καὶ
754 357 877 457 ἄλλους
888 367 998 466 ῆλθον
1012 373 1191 468 δμεύνους,

124 557 129 564 ,
180 498 233 554 000
247 480 387 553 πολλάκι
402 477 436 549 δ’
457 476 612 569 αύτοχερλ
626 479 800 568 σφετέρων
813 486 943 549 ποσίων
960 480 1153 570 ἐδάμησαν·

244 583 337 670 ζώοις
350 581 383 654 δ’
402 585 439 652 έν
452 608 524 672 τρο
534 597 697 651 πικοϊσι
709 589 861 671 χερείονα
876 586 984 652 τάνδε
996 590 1166 655 τελοῦσιν.

246 692 351 758 ταῦτα
366 686 405 756 δδ
417 687 473 755 καὶ
485 691 631 774 Παφίη
653 684 762 772 τεύχει
780 684 882 755 πάλιν
896 679 1192 775 ά-ρονομοῦσα,

245 781 314 861 εὖτ’
337 785 507 878 ἄν”Λρης
527 792 548 858 δ
554 786 633 876 ύνη
640 837 651 873 ,
672 790 809 858 πλέοσιν
821 784 856 856 δ’
872 793 922 856 ἔτι
935 790 992 858 καὶ
1005 797 1193 881 συνοχῇσιν

246 898 416 982 εἱρκτῆσίν
435 887 460 959 τ’
476 892 616 979 έπέδησε
630 897 824 979 γυναικείης
837 886 921 959 ἕνεκ’
937 888 1033 979 άτης·

181 1014 232 1067 000
245 994 328 1068 ὅσσα
343 993 378 1065 δ”
391 993 613 1083 έπεκτῆσαντο
626 994 713 1079 νέοι,
727 990 801 1063 τάδ’
818 990 961 1063 ὄλεσσαν
975 991 1110 1066 ἅπαντα

108 1150 111 1156 ,
182 1161 185 1166 Α
244 1104 278 1181 ές
289 1105 404 1188 γῆρας,
418 1104 517 1187 πενίη
532 1097 570 1168 δὲ
582 1101 670 1189 κακῆ
679 1094 825 1186 άλληκτα
838 1102 1008 1185 μογεύσιν.

284 1193 348 1272 εὖτ’
365 1195 409 1271 ’άν
429 1198 460 1271 δ’
473 1197 610 1291 Ἑρμελ
617 1227 662 1288 ης
681 1198 743 1288 μέν
761 1196 907 1288 έπεέγητ’
931 1202 973 1281 ές
986 1198 1113 1270 δύσιν
1137 1204 1190 1271 έλ·

799 1312 890 1387 δεδν,
1050 1373 1052 1376 ,

247 1409 284 1476 ἐν
303 1402 334 1476 δ’
358 1401 442 1495 ὅρη
458 1408 617 1492 Θούρος
635 1401 736 1492 φ’λογὶ
749 1407 1140 1495 μαρμαίρηκατέναντα,

244 1505 331 1591 ὀξεῖς
345 1513 383 1577 ἒν
396 1535 433 1576 τε
446 1506 514 1600 νόω
527 1508 584 1576 καὶ
598 1506 718 1596 μήδεσι
731 1513 840 1596 θῆκεν
852 1505 1015 1596 άγητούς,

181 1630 233 1683 010
245 1608 387 1692 έσδλούς
402 1606 433 1679 δ’
451 1612 489 1679 ἐν
502 1616 679 1699 σοφίησιν,
693 1610 745 1681 ἰδὲ
761 1615 947 1701 δρηστῆρας
964 1613 1002 1680 έν
1015 1613 1141 1699 ἔργοις.

239 1710 384 1802 Ἑρμού
399 1709 431 1782 δ’
447 1709 730 1794 ἀντέλλοντος
745 1712 959 1804 έπῆνἌρης
971 1713 1050 1785 πάλι
1066 1711 1187 1812 δύνρ,

245 1814 361 1887 δεινὸν
373 1822 480 1905 σχῆμα
494 1816 671 1903 τέτυκται,
688 1818 761 1886 έπεδ
773 1815 875 1911 βιότῳ
890 1815 953 1906 μὲν
968 1813 1087 1902 ἀνίας,

135 1989 137 1993 ,
246 1923 285 1991 έν
299 1916 331 1990 δ’
347 1916 454 2011 άγορῆ
470 1924 616 2009 κρίσιας,
630 1918 729 2008 βωῆν
742 1917 783 1989 θ’
801 1917 868 2009 όιμα
881 1927 1007 2010 νείκεσι
1022 1927 1163 2000 πολλοῖς

246 2033 377 2111 ἴσχουσι
389 2026 547 2110 γραπτῶν
560 2026 694 2092 ἕνεκεν·
718 2030 759 2091 Μ
764 2022 871 2113 ῆνην
890 2020 924 2092 δ’
941 2024 1128 2111 ἐσορῶντες

180 2142 231 2196 015
246 2128 303 2215 καὶ
317 2125 354 2195 δὲ
367 2125 424 2194 καὶ
433 2122 595 2195 Ἠέλιον
607 2124 765 2214 μερόπων
778 2126 931 2214 τεύχουσι
946 2130 1094 2215 φονῆας,
1180 2173 1184 2184 ·

245 2229 312 2299 αέεδ
326 2223 358 2298 δ’
375 2234 543 2312 ἔκπτωσιν
555 2227 671 2316 βιότου
683 2228 839 2316 τεύχουσι
852 2226 935 2315 πρὸς
947 2238 1072 2309 οἴκους.

280 2437 385 2504 ταῦτα
400 2433 437 2504 δέ
451 2434 507 2503 καὶ
522 2436 658 2514 δοιοῖς
676 2434 842 2530 ἑτέροις
854 2432 1033 2521 τεύχουσιν
1046 2429 1163 2516 ἐόντες

243 2534 379 2626 ἀστέρες
390 2537 429 2606 έν
443 2536 489 2605 κέ
493 2562 539 2604 ντ
549 2556 708 2625 ροισιν,
723 2533 772 2606 ὅτ’
790 2533 910 2607 αὐτίκα
923 2534 966 2625 δῆ
979 2537 1153 2619 κατέλεξα.

282 2636 365 2709 ὅσσα
379 2638 416 2709 δὲ
429 2641 486 2710 καὶ
498 2644 655 2728 βασιλῆες
671 2636 862 2727 άγακλειτοὶ
873 2640 1045 2710 τελέουσιν
1066 2689 1071 2699 -

180 2758 233 2811 000
243 2738 401 2823 Ἠέλιος
413 2742 482 2831 Μῆ
490 2769 538 2834 νη
551 2768 599 2828 τε,
613 2738 688 2812 τάδ’
708 2740 828 2813 αὐτίκα
840 2748 906 2812 νῦν
918 2743 1098 2824 καταλέξω.

280 2839 322 2934 ῆν
335 2841 437 2935 άνίη
451 2844 595 2934 περάτης
613 2841 758 2933 Τιτάν,
773 2844 880 2935 δύνη
895 2844 1137 2934 δέΣελῆνη,

243 2941 444 3036 ῆδμδνύγι
464 2949 594 3037 μέσον
610 2950 714 3038 τέμνῃ
727 2948 875 3034 πόλον,
896 2944 918 3036 ῆ
932 2944 964 3016 δ’
981 2944 1193 3036 ὑπόγειον

242 3049 425 3138 κέντρον
439 3056 508 3140 έχη,
523 3050 611 3138 μάλα
625 3056 739 3138 φῶτας
752 3043 957 3141 άριγνοότονς
969 3052 1026 3120 καὶ
1043 3048 1194 3140 άγητούς

242 3153 405 3242 ῥέζουσιν,
419 3154 500 3224 ποτὲ
513 3150 547 3223 δ’
568 3143 614 3223 αὖ
626 3153 792 3242 μεγάλους
805 3158 966 3243 βασιλῆας
979 3157 1138 3242 ἔτευξαν,

177 3272 228 3326 005
241 3252 280 3345 ῆὲ
294 3254 420 3345 πάτρης
433 3253 657 3345 προύχοντος,
678 3251 749 3347 ῆέν
766 3257 922 3347 δῆμοισιν
933 3253 1100 3346 άρλστους.

279 3353 325 3440 τῆς
345 3357 383 3428 δὲ
408 3359 466 3428 καδ
484 3354 529 3447 ῆν
554 3357 636 3429 τάδε
662 3360 819 3451 κέντρα
838 3359 1193 3448 μεταλλάξαντες

544 3527 546 3532 .
803 3468 934 3550 ἔχωσιν.

274 3557 360 3650 Ἤδη
379 3558 806 3651 καὶσύγκρασινάείσω
819 3569 1062 3657 μαρτυρίας
1077 3588 1137 3650 τε,
