2467 3942
180 181 263 245 VIII
568 187 777 239 PRAEFATIO.

183 350 270 412 idem
293 347 482 427 Comparetti
504 356 535 408 et
556 346 755 426 Franoogalli
775 343 929 425 Dehlque
951 354 983 406 et
1005 344 1168 409 Oaffiaux.

183 434 276 496 Multi
302 442 463 514 praeterea
491 431 632 493 homines
660 431 744 492 dooti
771 430 964 491 orationibus
985 431 1169 512 Hyperidis
1228 476 1229 483 κ

185 539 311 601 operam
332 526 502 591 naverunt,
526 536 659 597 quorum
680 515 961 577 enumerandorum
982 525 1092 595 postea
1113 519 1168 578 lo-

185 626 237 666 oua
262 606 332 682 erit3
361 624 447 664 nuno
469 602 510 663 de
530 603 723 664 voluminum
744 602 1002 682 ipsorum‘forma
1022 603 1166 664 ratione·

183 711 244 772 qne
267 690 360 764 omni,
384 689 475 750 simul
503 696 606 749 aetate
633 687 741 748 indole
771 686 954 747 auctoritate
975 704 1067 766 quarn
1087 687 1167 749 bre·
1228 704 1230 708 “

182 777 305 838 νίεεὶωο
327 782 434 853 potero
458 772 626 834 absolvam.

266 860 379 938 Itaque
398 859 544 919 volumen
566 857 646 918 illud
667 857 756 937 quod⁴
778 856 818 917 ab
838 856 980 916 Harrisio
1001 854 1164 918 Ardenio-

182 966 243 1026 que
264 946 429 1005 inventum
448 953 509 1018 ast,
540 942 686 1023 quodque
707 942 738 1003 A
759 942 863 1003 littera
884 950 993 1020 postea
1014 941 1163 1020 signabo,

181 1050 336 1110 papyrum
362 1029 499 1091 melioris
527 1037 621 1089 notae
648 1027 746 1089 habet
772 1027 960 1105 omninoque
990 1046 1059 1087 oum
1084 1047 1166 1088 eura

174 1117 322 1194 satisque
345 1114 503 1193 eleganter
528 1113 703 1175 ooufeotum
725 1121 781 1173 est.
818 1112 927 1190 Margo
950 1111 1034 1171 infra
1053 1131 1164 1187 snpra·

183 1220 243 1280 que
258 1208 290 1259 et
304 1200 438 1278 spatium
452 1197 650 1259 commodum
659 1199 742 1258 inter
751 1197 842 1257 binas
858 1197 1031 1272 columnas3
1046 1214 1162 1256 versus

182 1293 266 1346 reete
282 1280 464 1360 decurrunt3
479 1281 643 1344 columnae
656 1282 855 1362 longitudine
869 1283 951 1342 inter
965 1300 999 1340 se
1014 1282 1088 1341 satis
1106 1301 1162 1342 ae·

184 1369 335 1450 quabiles.
379 1369 533 1429 Numerus
551 1387 703 1429 xuersuum
719 1368 762 1427 in
788 1367 920 1446 singulis
942 1365 1091 1427 tolumnis
1115 1367 1167 1426 ita

181 1455 297 1528 uariat,
321 1461 357 1515 ut
378 1472 481 1533 neque
503 1453 574 1533 plus
589 1454 720 1532 triginta
732 1453 797 1512 sint
811 1471 916 1531 neque
928 1451 1030 1513 minua
1045 1451 1164 1529 viginti

182 1548 321 1619 septem?
346 1557 455 1599 versus
483 1540 543 1617 ipsi
573 1539 692 1599 litteras
721 1537 884 1598 continent
911 1554 1064 1615 nusquam
1091 1536 1164 1595 fere

183 1625 253 1704 plus
270 1623 408 1697 XVIII,
438 1642 590 1703 nusquam
617 1624 719 1683 minus
746 1622 841 1682 XIII.
884 1620 1023 1681 Litterae
1051 1640 1163 1681 omnes

171 1709 293 1770 eadem
324 1717 397 1769 sunt
428 1707 661 1788 magnitudine3
691 1707 871 1786 capitalium
902 1725 982 1784 quae
1012 1705 1165 1766 dicuntur

183 1793 289 1855 nullus
312 1813 396 1854 usus.
439 1793 559 1854 Ductus
582 1813 648 1853 non
669 1794 715 1852 ita
734 1793 869 1872 pingues
889 1792 1060 1851 eromuino
1082 1790 1163 1850 satis

184 1880 359 1959 elegantem
395 1879 508 1938 alaram
537 1880 722 1958 scripturam
748 1878 801 1937 vel
826 1875 1009 1955 magnitudo
1039 1875 1161 1934 littera-

183 1985 252 2025 rum
274 1964 358 2024 faed.
393 1964 532 2024 Litterae
553 1959 575 2024 C
597 1971 629 2023 at
649 1959 671 2023 Ε
691 1961 857 2022 rotundam
881 1962 1010 2021 formam
1027 1958 1161 2033 habent,

187 2060 219 2110 et
240 2050 333 2117 huius
354 2048 457 2109 media
477 2048 596 2108 lineola
616 2067 754 2108 summae
775 2039 1013 2126 quammaxime
1034 2044 1163 2105 admota

183 2136 429 2214 ‘coniunctaquag
459 2131 493 2196 Μ
520 2150 644 2213 quoque
671 2131 835 2192 rotundius
863 2138 1037 2205 exaratum
1066 2149 1162 2208 porro

186 2214 214 2280 Ω
236 2220 345 2281 eadem
367 2221 466 2279 forma
489 2227 539 2283 est
562 2237 626 2297 qua
652 2219 687 2277 in
713 2225 822 2278 nostra
842 2217 962 2276 curuiva
983 2232 1062 2293 quae
1085 2213 1161 2274 diri·
1228 2226 1229 2229 ’

182 2314 234 2365 tur
255 2306 416 2383 scriptura.
460 2303 501 2362 In
514 2303 628 2362 litteris
649 2298 677 2363 Λ
696 2310 728 2362 et
741 2299 774 2363 Δ
789 2310 965 2381 postremus
977 2299 1087 2359 duetus
1099 2299 1160 2358 ali-

183 2397 335 2468 quantum
356 2388 527 2466 preminet,
547 2388 725 2466 pariterque
745 2389 779 2446 in
800 2383 841 2459 Α,
862 2385 918 2445 ubi
932 2385 1027 2446 ueteri
1048 2383 1162 2443 duetus

184 2475 218 2533 in
240 2473 370 2533 formam
393 2472 498 2532 eirouli
520 2472 648 2532 redacti.
687 2470 855 2533 Blitterae
876 2471 960 2531 iufra
980 2470 1065 2528 linea
1082 2469 1161 2528 satis
1228 2518 1229 2525 ,

183 2577 286 2619 crassa
307 2558 341 2616 in
361 2564 524 2636 utramque
539 2565 659 2638 partam
673 2558 827 2636 producta
843 2555 937 2617 affixa
959 2562 1021 2630 est3
1043 2548 1073 2614 Ξ
1095 2573 1159 2612 me-

185 2643 268 2704 diam
295 2641 444 2702 liueolam
471 2662 539 2702 uum
567 2642 771 2702 exterioribus
805 2640 924 2702 duabus
958 2641 991 2698 in
1019 2647 1162 2699 nostmm
1228 2704 1229 2711 ἵ

183 2726 310 2787 modum
332 2728 526 2786 coniunctam
546 2726 656 2801 habet,
685 2727 747 2786 nisi
774 2725 859 2806 quod
880 2726 1089 2785 sinistrorsum
1111 2742 1160 2782 ar·
1185 2721 1187 2724 ’
1228 2720 1229 2725 ’

187 2831 240 2873 aus
263 2820 421 2890 spectant3
450 2831 542 2892 porro
564 2811 609 2872 ibi
637 2829 762 2892 quoque
782 2811 888 2872 infima
916 2810 1001 2869 linea
1021 2807 1160 2886 longitu-

186 2897 260 2958 dine
286 2896 443 2957 uotabilis.
488 2897 634 2976 Denique
663 2893 694 2958 Ψ
722 2898 820 2956 erneis
846 2895 975 2974 liguram
996 2900 1160 2952 monstrat

184 2981 380 3060 Frequenter
399 2982 522 3042 litterae
544 2984 627 3042 inter
648 2981 899 3060 recolligantur,
923 2978 1107 3038 transversis
1121 2976 1160 3036 li·

186 3068 254 3128 neis
271 3086 376 3127 aarum
390 3086 470 3147 quae
485 3074 558 3134 suut
574 3065 594 3128 Γ
608 3063 635 3127 Τ
648 3063 681 3127 Π
698 3059 763 3127 ΗἘ
776 3063 804 3127 Θ
818 3084 917 3145 usque
931 3063 1161 3143 adproximam
1228 3084 1229 3121 ;

184 3153 319 3212 litteram
339 3153 511 3231 productis,
533 3152 570 3212 id
589 3151 674 3230 quod
696 3151 831 3212 claritati
842 3151 1038 3229 aliquantum
1051 3147 1160 3206 officit.
1228 3160 1229 3201 ξ

185 3235 276 3317 Quae
291 3246 444 3298 corrector
459 3237 589 3309 addidit,
605 3238 702 3296 multo
713 3236 883 3296 minoribus
893 3235 1005 3294 litteris
1021 3239 1159 3305 uxama,
1228 3252 1229 3257 ¹

183 3330 216 3383 et
239 3323 398 3402 inscriptio
420 3321 647 3400 Euxenippeae
668 3341 794 3401 prorsus
817 3319 903 3380 aliud
924 3318 1018 3379 valde
1032 3317 1159 3377 intriea-
1228 3392 1229 3399 ἵ

183 3416 249 3467 tum
269 3407 414 3485 lectuque
437 3405 651 3482 diffieillimum
674 3407 845 3485 scripturae
874 3423 973 3484 genus
998 3410 1159 3464 monstrat.
1228 3428 1229 3455 r

183 3489 341 3552 Aooentus
363 3491 528 3570 spiritusve
550 3504 702 3570 nusquam
719 3498 929 3570 apponuntur,
954 3488 1090 3567 exeeptis
1104 3486 1159 3545 tri·
1228 3490 1229 3559 ξ
