2467 3942
161 250 165 257 ,
216 193 376 276 xxvm:
546 206 631 255 vm
652 205 855 254 Ητυπαωιο.

217 365 281 445 ἅμα
300 365 371 430 τοῖς
390 365 520 441 γονεῡςι
541 360 606 441 πρὸ
627 365 694 428 τῶν
708 359 872 426 Ἱππάδων
892 360 1023 443 πυλιῖιν,
1047 358 1093 425 ὥς
1112 381 1194 440 φηςι

217 449 392 529 Διόδωρος
407 447 501 531 ἐντῷ
513 445 608 528 τρίτῳ
623 446 697 525 περί
708 445 891 526 μνημάτων.
918 444 990 510 νυνῖ
1005 445 1043 509 δὲ
1057 447 1195 525 κατερή·

167 545 200 595 14
217 533 410 614 ρειπταιτδ
438 535 543 611 μνῆμα
568 531 622 596 καί
649 531 733 597 ἔςτιν
756 529 890 609 ἄδηλον.
919 565 961 576 -
988 528 1123 596 πάντων
1153 532 1196 597 δὲ

216 620 298 684 κατὰ
319 619 378 696 τὴν
401 615 598 696 δημηγορίαν
621 617 796 692 διενεγκεῖν
818 615 959 697 λέγεται,
984 614 1130 679 τέτακτω
1153 617 1195 681 δὲ
1232 622 1233 625 ’

167 714 200 765 ιο
216 703 271 769 ὑπ’
293 702 389 770 ἐνίων
417 703 483 781 πρό
504 700 746 780 Δημοςθένους.
775 737 817 746 -
844 700 1002 780 φέρονται
1022 699 1059 764 ’δ’
1086 698 1196 765 αὐτοῦ

170 831 173 835 .
217 788 312 866 λόγοι
334 786 555 868 ἑβδομήκοντα
576 784 668 868 ἑπτά,
690 784 737 850 ὧν
759 784 884 864 γνήςιοί
911 782 966 849 εῖςι
988 784 1198 862 πεντήκοντα

164 884 200 937 16
218 872 290 938 δύο.
314 908 353 918 -
377 870 507 948 ἐγένετο
530 872 567 935 δὲ
588 871 738 949 καὶπρὸς
752 871 793 935 τὰ
807 867 980 949 ἀφροδίςια
995 870 1196 953 καταφερής,

218 958 266 1024 ὡς
288 957 434 1039 ἐκβαλεῖν
461 957 519 1036 μὲν
547 955 605 1022 τόν
629 952 718 1036 υίόν,
745 953 925 1030 εἰςαγαγείν
952 954 989 1017 δὲ
1011 953 1196 1038 Μυρρίνην,

217 1044 276 1122 τὴν
308 1039 586 1118 πολυτελεςτιίτην
620 1039 764 1119 ἑταίραν·
798 1038 833 1104 ἐν
865 1039 1012 1117 Πειραιεῖ
1040 1038 1074 1103 δ’
1101 1037 1196 1117 ἔχειν

217 1125 460 1206 Ἀριςταγόραν,
490 1125 525 1190 ἐν
553 1125 705 1189 Ἐλευςῖνι
733 1124 761 1189 δ’
789 1124 825 1189 ἐν
852 1126 921 1189 τοῖς
949 1122 1039 1187 ἰδίοις
1060 1121 1196 1203 κτήμαςι

217 1211 320 1277 Φίλαν
349 1211 409 1290 την
438 1208 596 1291 Θηβαίαν,
626 1207 724 1274 εἴκοςι
751 1213 841 1289 μνῶν
864 1207 1119 1288 λυτρωςὰμενος.
1149 1244 1196 1254 -

168 1306 200 1357 ιτ
219 1295 361 1362 ἐποιεῖτό
383 1315 419 1360 τε
440 1296 499 1362 τόν
520 1294 700 1372 περίπατον
728 1293 764 1358 ἐν
785 1298 824 1377 τῇ
846 1292 1057 1372 ἰχθυοπώλιδι
1078 1291 1196 1372 διημέ-

168 1390 202 1442 18
220 1401 274 1461 ραι
300 1379 442 1446 ἑωθινός
472 1415 510 1425 -
540 1380 593 1444 καὶ
618 1377 689 1463 δίκη
714 1377 828 1461 Φρύνῃ
855 1382 894 1461 τῇ
929 1376 1039 1461 ἑταίρᾳ
1066 1377 1196 1459 ἀςεβεῖν

219 1556 304 1617 atquo
322 1567 356 1603 er
372 1551 434 1617 ipsa
453 1564 525 1615 quae
543 1550 559 1611 g
577 1551 608 1600 11
627 1549 770 1615 leguntur3
794 1549 903 1599 exstitit
921 1552 998 1599 oerte
1017 1548 1077 1598 eius
1095 1547 1198 1600 adver·

218 1634 268 1672 sus
285 1619 454 1671 Phocionem
471 1617 571 1671 oratio.
600 1644 633 1654 -
662 1618 678 1678 5
697 1618 738 1669 14.
764 1614 780 1667 ὅ
798 1614 827 1666 τ’
844 1614 876 1667 ἐν
894 1613 1000 1679 λόγοιςι
1016 1613 1108 1666 δεινὸς
1126 1613 1195 1668 Ὑπ.

220 1686 334 1739 Timool.
351 1686 371 1736 l.
391 1702 414 1740 o.
431 1684 615 1737 Demostheni
636 1684 803 1750 praetulisse
820 1683 924 1734 Rhodii
946 1688 1069 1734 oratores
1092 1683 1197 1735 viden·

219 1760 274 1819 tur,
293 1755 330 1807 ot.
349 1755 465 1819 Dionys.
484 1753 617 1804 Dinaroh.
635 1754 660 1803 8.
678 1778 713 1789 —
730 1754 746 1814 ἕ
766 1753 806 1803 15.
826 1751 903 1802 Suid.
921 1749 985 1803 Ὑπ,
1005 1753 1034 1801 1ι
1053 1748 1103 1803 είςῖ
1120 1749 1154 1801 δὲ
1166 1750 1196 1804 οἱ

220 1820 327 1876 πάντες
339 1820 420 1885 λόγω
430 1819 521 1873 αὐτοί)
534 1814 587 1885 νς’,
604 1821 654 1872 ubi
672 1820 785 1872 Bernh.:
802 1821 885 1870 immo
897 1810 948 1883 νβ’.
985 1818 1077 1873 Βαίιοί.
1088 1818 1195 1870 Aesoh.

220 1893 245 1954 2,
265 1892 311 1941 18:
331 1888 395 1943 Ὑπ.
413 1887 516 1952 λόγους
534 1881 584 1953 μα’.
606 1887 733 1955 ο1.8αυμ
756 1886 819 1938 eO.
830 1888 863 1937 A.
874 1888 913 1953 11,
927 1888 985 1937 ⁶276.
1003 1912 1038 1923 -
1054 1888 1070 1948 5
1088 1888 1130 1939 16.
1148 1888 1197 1939 Ex

219 1958 377 2017 Idomeneo,
395 1961 427 2008 ut
444 1957 568 2022 videtum
587 1957 624 2007 of.
642 1955 706 2007 Ath.
751 1955 862 2007 111590
881 1955 917 2006 0:
935 1952 997 2007 Ὑπ.
1015 1952 1074 2006 δ’ὁ
1091 1951 1196 2021 ῥήτωρ

221 2025 252 2078 ὲκ
268 2027 321 2091 τῆς
339 2024 475 2091 πατρῴας
493 2021 583 2078 οίκίας
599 2023 654 2075 τὸν
671 2019 735 2075 υίόν
752 2020 908 2086 ἀποβαλὼν
921 2019 1101 2074 Γλαύκιππον
1113 2020 1163 2074 Μυ

220 2091 303 2159 ρίνην
320 2094 375 2157 τὴν
393 2090 642 2158 πολυτελεςτάτην
659 2088 775 2157 ἑταίραν
792 2087 927 2154 ἀνέλαβε,
945 2089 992 2142 καί
1009 2090 1120 2154 ταύτην
1139 2105 1159 2152 μ
1177 2106 1196 2142 ν

221 2160 254 2214 ἐν
276 2160 353 2214 όςτει
376 2159 466 2226 εῖχεν,
490 2159 521 2212 ἐν
543 2159 670 2226 Πειραιεῖ
691 2158 723 2211 δὲ
747 2158 960 2225 Ἀριςταγόραν,
990 2155 1081 2210 Φίλαν
1107 2155 1138 2208 δ’
1161 2157 1196 2210 ἐν

222 2228 365 2295 Ἐλευςῖνι,
382 2228 420 2294 ἣν
438 2229 556 2281 πολλῶν
568 2226 752 2295 ωνηςάμενοε
769 2225 924 2293 χρημάτων
942 2225 1020 2291 εῖχεν
1037 2224 1197 2290 ἐλευθερώ-

221 2293 1197 2431 ιικέαυυιιωκκθμινμνιιαμελθυυ

220 2433 284 2487 lius.
302 2460 336 2471 -
352 2428 427 2481 Suid.
445 2440 467 2475 s.
485 2440 510 2472 v.
531 2422 572 2476 Ὑ.
592 2428 621 2474 1:
639 2430 784 2485 γυναικῶν
800 2427 832 2479 δὲ
850 2427 971 2494 ἡττήθη.
996 2458 1028 2466 -
1050 2432 1065 2492 §
1084 2431 1126 2480 17.
1148 2428 1197 2482 Ex

221 2502 384 2564 Hermippo.
401 2491 466 2542 Ath.
476 2490 652 2553 vniam:
664 2491 709 2541 καί
719 2491 736 2542 ό
748 2492 906 2557 Ἕρμιππος
916 2495 946 2547 δέ
960 2510 1046 2561 φηςιν
1058 2495 1090 2549 ἐν
1101 2493 1167 2562 τρίτ

222 2568 287 2633 περὶ
301 2565 362 2615 τῶν
372 2560 414 2612 Ἰς.
430 2560 494 2623 μαθ.
504 2556 625 2609 ἑωθινόν
642 2556 696 2608 τὸν
705 2557 769 2611 Ὑπ.
778 2562 917 2612 ποιεῖςθαι
930 2564 983 2614 νῦν
994 2563 1064 2617 τοὺς
1075 2577 1165 2629 περιπ
1186 2594 1198 2606 ·

222 2648 290 2691 τους
303 2630 334 2683 ὲν
347 2630 408 2682 τοῖς
421 2625 537 2692 ίχθύςιν,
565 2626 638 2677 unde
652 2624 772 2678 ἑωθινός
785 2627 939 2693 biographo
958 2646 972 2680 o
985 2632 1199 2684 westemanni

223 2703 341 2754 oonieot.
361 2695 483 2759 reddidi3
504 2696 570 2748 libri
586 2691 725 2759 όςημέραι.
749 2693 793 2747 ὡς
813 2691 907 2748 είκὸς
922 2695 954 2747 δὲ
964 2697 1009 2747 καῖ
1019 2696 1082 2766 δίκῃ
1093 2697 1197 2769 Φρύνη

223 2766 279 2820 κτὲ.
291 2795 324 2804 -
339 2764 383 2816 Οῖ.
396 2763 529 2816 Timoolis
541 2778 643 2815 vorsus
657 2780 700 2828 ap.
714 2763 779 2815 Ath.
790 2765 839 2815 341
852 2764 900 2813 EF
916 2763 944 2828 (o
957 2763 1057 2831 Δηλίῳ
1070 2766 1195 2887 fabulag¹

222 2836 271 2887 ubi
288 2833 323 2884 rb
342 2833 468 2899 Harpalo
492 2833 615 2898 corrupti
636 2837 845 2882 enumeranturr
867 2857 901 2869 —
919 2857 953 2868 -
970 2830 997 2882 A
1015 2831 1031 2883 ὅ
1049 2832 1076 2883 τ’
1094 2832 1127 2886 ἐν
1145 2835 1164 2886 λ
1186 2864 1198 2877 -

222 2915 292 2968 γοιςι
304 2900 396 2953 δεινός
415 2897 581 2965 Ὑπερείδης
593 2897 658 2963 ἔχει.
688 2897 718 2951 Β.
736 2898 804 2951 τοὺς
817 2895 997 2963 ἰχθυοπώλας
1009 2898 1096 2953 οὗτος
1107 2899 1200 2965 ἡμῶν

222 2971 364 3034 πλουτιεῖ,
387 2966 536 3034 ὀψοφάγος
558 2966 631 3020 ὥςτε
652 2965 721 3019 τοὺς
743 2965 846 3033 λάρους
864 2965 937 3019 εῖναι
954 2964 1070 3031 copore.
1092 2993 1127 3004 -
1149 2969 1199 3023 Id.

222 3041 252 3090 in
269 3039 370 3090 Icariis
388 3036 463 3101 (Ath.
481 3038 531 3088 342
549 3036 598 3101 A)=
616 3033 670 3086 τόν
687 3036 716 3085 τ’
733 3033 899 3100 ἰχθυόρρουν
916 3033 1049 3099 ποταμόν
1065 3033 1200 3099 Ὑπερεί-

222 3107 277 3168 δην
294 3104 379 3170 πέρα,
401 3102 434 3157 ός
451 3101 547 3170 ἠπίαις
564 3107 704 3167 φωναῑςιν
727 3101 869 3169 ἔμφρονος
892 3102 979 3166 λόγου
997 3101 1117 3166 κόμποις
1139 3116 1199 3157 ιτα-

222 3173 342 3238 φλάζων
358 3170 453 3238 ήπίοις
470 3170 654 3236 πυκνώμαςιν
672 3169 745 3236 πρὸς
764 3174 822 3223 πᾶν
834 3211 840 3222 .
853 3210 860 3223 .
872 3209 879 3223 .
893 3210 899 3222 .
914 3169 999 3224 δύςας
1017 3170 1073 3234 ἔχει
1091 3172 1198 3235 μιςθω·

222 3242 274 3295 τός
291 3240 369 3306 ἄρδει
386 3238 470 3294 πεδία
490 3242 543 3292 ποθ
566 3237 735 3292 δεδωκότος.
770 3242 867 3306 Pergit
884 3240 961 3294 Ath.:
984 3236 1151 3304 Φιλέταιρος
1170 3239 1198 3292 δ’

223 3309 255 3364 ἐν
274 3310 433 3375 Ἀςκληπιῷ
451 3308 505 3360 τὸν
524 3306 586 3360 Ὑπ.
600 3306 672 3372 πρὸς
689 3310 733 3373 τῷ
752 3306 915 3372 ὀψοφαγεῖν
933 3307 979 3359 καὶ
997 3305 1125 3371 κυβεύειν
1144 3306 1196 3359 αὐ·

222 3378 277 3432 τόν
295 3392 419 3443 φηςι-
439 3378 454 3439 5
474 3377 514 3429 18.
534 3376 570 3427 οῖ.
589 3376 643 3442 frg.
661 3376 796 3427 orationIs
814 3392 863 3442 ριο
880 3375 1009 3441 Phryne3
1026 3377 1139 3441 Sauppe
1158 3377 1195 3430 Ο.

222 3448 308 3511 A.11,
326 3449 376 3499 301
396 3451 424 3496 et
443 3448 501 3498 319.
536 3444 660 3495 Narrant
682 3459 739 3494 rom
758 3443 822 3495 Ath.
840 3443 910 3495 XIII
927 3447 977 3497 590
995 3443 1058 3507 DE;
1081 3444 1194 3508 Syrion.
1213 3448 1216 3453 ’

222 3515 253 3566 in
270 3515 402 3580 Hormog.
420 3513 472 3576 Ν,
490 3514 554 3574 414;
573 3511 686 3563 Maxim.
705 3511 785 3567 Plan.
803 3514 828 3563 V
846 3529 873 3578 p.
892 3513 954 3578 285;
976 3513 1108 3577 Anonym.
1126 3511 1195 3575 VII,
