2467 3942
52 280 82 334 p.
95 257 157 313 ωε.
346 250 462 309 ΚΑΤΑ
480 250 773 310 mmmm.
1016 250 1058 315 4⁷

54 425 141 511 νερᾷ
153 425 194 508 τῇ
207 418 312 512 ψήφῳ
325 418 651 507 καταψηφισάμενος,
659 409 758 500 οὗτος
771 423 809 490 έν
821 421 926 512 ταύτῃ
939 430 980 512 τῇ
991 424 1059 511 χύ-

55 549 102 614 ρηι
116 520 272 602 σύνοικος
285 517 383 609 ὑμῶν
391 520 576 610 γενήσεται.

132 648 304 737 Βούλομαι
324 635 358 717 δ’
381 655 429 718 ἔτι
450 653 576 738 βραχέα
593 647 677 740 πρὸς
691 647 778 739 ύμᾶς
792 651 896 722 είπώυ
909 629 1142 755 καταβῇ-ἐξῇ,

53 778 115 819 ναι
145 751 202 820 καί
229 748 267 819 τὸ
297 750 453 839 ψήφισμα
472 758 534 821 τοῦ
554 752 663 840 δήμου
680 753 963 842 παρασχόμενοςδ
980 759 1060 846 περὶ

57 847 232 942 εύσεβείας
245 852 437 940 ἐποιήσατο·
458 853 621 944 χρήσιμον
640 857 704 943 γάρ
717 857 800 943 ύμῖν
814 858 883 925 ἐστι
896 873 965 939 τοῖς
977 862 1059 947 με’λ-

56 962 154 1023 λουσι
168 951 232 1041 τήν
243 961 360 1042 ψήφου
375 957 503 1045 φέρειν.
531 963 603 1024 Καί
612 983 670 1044 μοι
684 960 760 1044 λέγε
773 954 866 1027 αὐτό.

442 1078 676 1140 ΨΗΦΙΣΜΑ.

131 1213 212 1304 Ἐμοὶ
240 1222 359 1284 τοίνυν
386 1214 505 1303 μηνύω
524 1213 584 1284 τὸν
603 1212 809 1303 ἀφανίζοντα
827 1224 932 1287 ταῦτα
951 1218 1060 1289 πάντα

57 1316 141 1409 πρὸς
161 1315 248 1407 ὑμᾶς
266 1315 345 1397 τούς
364 1323 505 1405 κυρίους
530 1313 630 1397 ὄντας
654 1317 810 1406 κολάσαι,
837 1316 1001 1409 ὑμέτερον
1020 1325 1061 1391 δέ

58 1425 128 1492 ἐστι
148 1422 206 1491 κάλ
225 1415 311 1509 ὑπὲρ
332 1415 430 1506 ὑμῶν
443 1420 502 1490 καί
514 1414 600 1509 ύπέρ
615 1426 684 1488 τῶν
697 1428 791 1489 θεων
804 1422 1058 1511 τιμωρήσασθαι

57 1522 270 1613 Λεωκράτην.
298 1519 338 1591 τὰ
358 1519 424 1611 γάρ
444 1517 648 1610 ἀδικήματα,
674 1525 737 1602 ἕως
755 1522 818 1610 μὲν
832 1520 875 1593 ἀν
891 1516 1056 1614 ήάκριτα,

57 1623 148 1717 παρὰ
167 1640 234 1705 τοίς
254 1624 419 1714 πράξασίν
439 1627 546 1712 ἐστιν,
569 1623 707 1694 ἐπειδάν
728 1625 768 1694 δέ
786 1634 896 1715 κρίσις
909 1629 1056 1715 γένηται,

58 1726 147 1818 παρά
160 1743 229 1809 τοῖς
246 1723 291 1814 μή
305 1732 444 1806 δικαίως
457 1729 707 1809 ἐπεξελθοῦσιν.
736 1717 777 1796 εύ
789 1728 829 1797 δὲ
842 1738 929 1817 ίστε,
953 1720 980 1797 ὦ
994 1726 1058 1797 ἀν·
1159 1721 1162 1727 ’

58 1837 154 1921 δρες,
173 1827 226 1900 ὅτι
239 1835 305 1898 νύν
319 1827 473 1918 κρύβδην
487 1829 714 1918 ψηφιζόμενος
727 1832 863 1911 ἕκαστος
876 1828 974 1919 ὑμῶν
989 1859 1058 1919 φα-

57 1932 161 2022 νεράν
174 1930 306 2020 ποιήσει
324 1929 386 2018 τήν
400 1926 507 2000 αὑτοῦ
527 1932 683 2003 διάνοιαν
700 1947 767 2012 τοῖς
780 1942 883 2014 θεοίς.
909 1930 1054 2022 ἡγοῦμαι
1063 1954 1114 2010 147

58 2036 113 2124 δέ,
128 2023 156 2104 ά
169 2030 307 2124 ἀνδρες,
328 2028 414 2122 ὑπὲρ
429 2029 588 2104 ἀπάντων
603 2028 852 2121 κεῖν’μεμίστων
869 2039 927 2105 καλ
945 2042 1057 2105 δεινο-

56 2137 166 2208 τάτων
180 2132 394 2223 ἀδικημάτων
403 2142 485 2224 μίαν
495 2131 585 2224 ὑμᾶς
597 2143 715 2225 ψῆφον
726 2140 764 2205 έν
776 2141 817 2226 τῇ
824 2137 969 2230 τήμερον
975 2135 1057 2227 ἡμέ-

58 2267 101 2331 ρρ
121 2239 258 2328 φέρειν,
283 2232 333 2319 οἷς
353 2234 479 2309 ἀπασιν
496 2245 614 2327 ἔνοχον
634 2233 717 2309 ὅντα
734 2240 939 2329 Λεωκράτην
966 2249 1057 2311 ἔστιν

57 2347 160 2430 ίδείν,
183 2345 366 2432 προδοσίας
384 2341 447 2429 μὲν
465 2338 518 2412 ὅτι
541 2338 604 2430 τήν
626 2340 727 2412 πόλιν
741 2342 971 2430 έγκαταλιπάν
988 2358 1058 2425 τοῖς

56 2450 227 2533 πολεμίοις
247 2440 443 2534 ὑποχείριον
465 2448 618 2533 ἐποίησε,
645 2443 756 2532 δήμου
783 2443 821 2513 δὲ
847 2443 1059 2524 καταλύσεως

55 2542 109 2617 ὅτι
128 2543 191 2634 ούχ
210 2543 369 2633 ὑπέμεινε
389 2545 450 2616 τὸν
468 2544 555 2636 ὑπὲρ
575 2552 635 2635 τῆς
662 2549 858 2635 ἐλευθερίας
884 2551 1058 2634 κίνδυνον,

57 2645 213 2738 ἀσεβείας
233 2645 266 2717 δ’
282 2644 334 2717 ὅτι
348 2655 408 2717 τοῦ
423 2647 464 2718 τά
479 2650 599 2737 τεμένη
614 2651 797 2736 τέμνεσθαι
811 2645 960 2727 καὶτοὺς
974 2645 1059 2727 υεῶς

57 2743 366 2847 Ικατασκάπτεσθαι
379 2748 417 2819 τὸ
431 2747 507 2820 καθ’
524 2749 647 2820 ἑαυτὸν
661 2751 802 2838 μέμονεν
809 2758 924 2837 αίτιος,
932 2751 1059 2818 τοκέων

57 2853 96 2922 δὲ
109 2852 287 2932 κακώσεως
295 2849 337 2921 τά
347 2867 492 2941 μνημεῖα
506 2849 620 2922 αὐτῶν
630 2847 802 2939 ἀφανίζων
815 2853 953 2920 καὶτῶν
961 2859 1060 2939 νομί-

58 2981 132 3041 μων
146 2953 357 3042 ἀποστερύν,
377 2959 590 3037 λειποταξίου
605 2953 714 3024 δὲκαὶ
730 2950 924 3042 ἀστρατείας
937 2950 979 3023 ού
993 2980 1059 3023 πα-

57 3054 194 3144 ρασχάυ
213 3054 249 3125 τὸ
268 3057 364 3144 σῶμα
383 3055 477 3139 τάξαι
491 3073 559 3138 τοϊς
573 3070 780 3145 στρατηγοῖς.
810 3061 924 3124 ἔπειτα
937 3054 1059 3125 τούτου
1066 3075 1117 3130 143

56 3184 108 3239 τις
128 3154 368 3245 ἀποψηφιεῖται
388 3160 446 3227 καί
459 3159 664 3246 συγγνώμην
678 3160 744 3239 ἕξει
760 3162 828 3225 τάν
841 3156 926 3226 κατά
939 3164 1060 3245 προαί-

55 3281 152 3350 ρεσιν
168 3255 400 3348 ἀδικημάτωνς
427 3262 485 3330 καὶ
510 3259 672 3330 τοσοῦτόν
697 3262 788 3328 ἐστιν
814 3254 954 3346 ἀνόητος
975 3255 1059 3327 ὥστε

54 3369 178 3432 τούτου
197 3362 313 3446 σώζων
331 3359 396 3452 τήν
416 3364 539 3433 ἑαυτοῦ
557 3368 726 3450 σωτηρίαν
741 3362 907 3448 προέσθαι
920 3374 989 3440 τοῖς
1002 3362 1060 3446 έμ-

54 3473 252 3536 καταλιπείν
266 3466 493 3553 βουλομένοις,
508 3466 565 3533 καλ
578 3471 700 3551 τοῦτον
714 3462 849 3552 έλεήσας
863 3458 964 3540 αὐτὸς
980 3457 1059 3529 ἀνε-

53 3563 254 3706 &mgna
268 3574 338 3637 τοῖν
351 3574 521 3655 πολεμίων
535 3562 723 3657 ἀπολέσθαι
738 3561 988 3656 προαιρήσεται,
1003 3560 1060 3628 καὶ

52 3672 76 3715 ς.
133 3685 157 3695 -
199 3691 205 3705 .
