2467 3942
46 253 147 332 ,μω
369 215 485 303 ΚΑΤΑ
507 244 800 306 Λεαιιεενονε.
1012 247 1054 310 35

148 422 301 504 γίγνεται
315 410 392 483 οὐδ’
408 412 513 495 α’ίδάς
527 415 669 497 ἐξοπίσω
683 418 820 504 γένεος,
1150 493 1152 500 χ

97 525 200 610 θυμῷ
215 524 275 606 γῆς
289 518 368 606 περὶ
382 522 484 604 τῆσδε
499 515 701 605 μαχόμεθα,
716 520 774 587 καὶ
785 520 865 607 περὶ
878 525 1012 592 παίδων
1119 521 1122 526 ’

150 618 355 708 θνήσκωμεν
368 621 505 710 ψυχέων
518 622 635 710 μηκέτι
649 618 856 710 φειδόμενοι.

99 718 105 820 Ι
123 713 150 791 6
164 723 252 809 νέοι,
268 717 354 790 ἀλλά
365 720 515 809 μάχεσθε
530 718 610 811 παρ’
628 718 801 812 ἀλλήλοισι
815 726 990 812 μένοντες,
1057 734 1083 777 ¹⁵

150 824 236 913 μηδὲ
251 830 363 912 φυγῆς
377 829 514 913 αἰσχρᾶς
532 822 649 913 ἀρχετε
662 825 747 914 μηδὲ
762 825 889 914 φόβον,

99 921 185 996 ἀλλά
198 929 306 1015 μέγαν
319 937 474 996 ποιεῖσθε
487 929 544 996 καλ
558 923 703 1016 ἀλκιμον
717 931 754 997 έν
769 930 870 1018 φρεσὶ
888 927 1020 1018 θυμόν,

149 1029 235 1118 μηδὲ
249 1027 461 1117 φιλοψυχεῖτ’
482 1025 627 1119 ἀνδράσι
640 1029 864 1121 μαρνάμενοι·
889 1103 890 1106 ¹

99 1129 179 1213 τοὺς
194 1132 232 1203 δὲ
246 1134 503 1219 παλαιοτέρους,
519 1123 569 1201 66
583 1129 698 1203 οὐκέτι
712 1130 852 1222 γούνατ’
868 1132 1016 1223 ἐλαφρά,
1016 1173 1020 1174 ⁷
1049 1173 1051 1177 Α
1098 1163 1102 1166 “

92 1275 94 1280 «
150 1234 196 1324 μὴ
211 1240 467 1314 καταλείποντες
481 1234 642 1323 φεύγετε,
658 1234 738 1316 τοὺς
751 1234 928 1326 γεραρούς.
1057 1261 1084 1302 ιο

100 1336 241 1425 αἰσχρόν
262 1335 326 1426 γάρ
341 1334 383 1425 δη
398 1344 516 1423 τοῦτο,
535 1336 618 1427 μετά
632 1338 833 1430 προμάχοισι
847 1336 993 1440 πεσόντα

152 1450 286 1509 κεῖσθαι
299 1439 431 1530 πρόσθε
445 1442 534 1511 νέων
552 1437 662 1530 ἀνδρα
676 1441 915 1531 παλαιότερον,

101 1538 168 1631 ἤδη
182 1540 305 1613 λευκὸν
320 1548 437 1630 ἔχοντα
450 1542 537 1668 κάρη
552 1544 672 1614 πολιόν
685 1573 722 1615 τε
736 1547 884 1633 γένειον,

152 1641 268 1732 θυμὸν
280 1641 499 1715 ἀποπνείοντ’
516 1642 659 1735 άλκιμον
673 1650 710 1716 έν
724 1657 839 1738 κονίη,

100 1742 290 1836 αίματόεντ’
313 1747 425 1816 αίδοια
442 1754 557 1835 φίλαις
572 1751 609 1817 ἐν
622 1750 770 1837 χερσλν”
752 1777 870 1836 εχοντα
919 1801 921 1805 -
1058 1769 1085 1811 2⁵

86 1855 91 1859 ’
152 1854 187 1935 (α
166 1847 285 1973 αίσχρά
299 1876 339 1918 τα
353 1875 372 1918 τ
376 1845 596 1938 ’όφθαλμοίς
608 1854 666 1921 καὶ
681 1849 866 1977 νεμεσητὸν
880 1855 980 1933 ίδειν)

101 1953 158 2020 καλ
172 1951 254 2040 χρόα
267 1955 503 2040 γυμνωθέντα.
530 1953 638 2022 νέοισι
652 1953 691 2022 δὲ
705 1954 793 2024 πάντ
796 1950 996 2039 ’έπέοικεν,

78 2069 82 2070 ’
152 2049 220 2143 όφρ
225 2050 370 2143 ’ἐρατῆς
383 2051 468 2145 ἥβης
483 2052 611 2145 ἀγλαόν
626 2052 732 2137 άνθος
747 2062 821 2145 ἔχη·

100 2152 244 2246 ἀνδράσι
257 2156 321 2245 μέν
333 2157 459 2246 θηητός
474 2164 578 2245 ίδεῑν,
606 2157 722 2248 έρατδς
733 2159 775 2230 ,δέ
788 2152 944 2246 γυναιξίν

151 2257 232 2344 ζωὸς
246 2258 328 2348 έοόν,
344 2258 445 2341 καλός
459 2256 492 2329 δ’
510 2264 547 2329 ἐν
561 2261 759 2351 προμάχοισι
774 2259 897 2330 πεσών.
1027 2280 1031 2282 “
1059 2273 1086 2316 ³0

101 2358 187 2432 ἀλλά
199 2391 250 2445 τις
264 2353 304 2433 εὖ
317 2361 437 2451 διαβάς
451 2366 586 2453 μενέτωΧ
597 2367 698 2434 ποσὶν
713 2361 954 2453 ἀμφοτέροισιν
999 2383 1003 2386 ‘

152 2467 348 2555 στηριχθεὶς
360 2466 415 2536 ἐπὶ
429 2472 506 2554 γῆς,
521 2474 631 2553 χεῖλος
644 2463 762 2536 ὀδοῦσι
778 2464 903 2536 δακάν.

48 2567 146 2635 Καλά
154 2585 208 2656 γε,
224 2558 252 2637 6
267 2565 398 2658 ἀνδρες,
412 2570 469 2638 καλ
481 2567 627 2659 χρήσιμα
640 2585 708 2649 τοῖς
721 2570 939 2657 βουλομένοις
951 2588 1057 2654 προσ·
1064 2568 1118 2624 108

50 2671 149 2757 έχειν.
192 2666 281 2740 0666
309 2678 430 2740 τοίνυν
457 2670 549 2760 εἶχον
574 2670 659 2760 πρὸς
682 2669 844 2759 ἀνδρείαν
871 2675 906 2740 ολ
930 2668 1060 2738 τούτων

50 2768 251 2860 αἰκοάοντες,
274 2769 360 2844 ὥστε
373 2772 457 2863 πρὸς
470 2772 533 2862 την
547 2774 648 2844 πόλιν
661 2770 758 2862 ἡμῶν
772 2775 850 2863 περὶ
863 2779 921 2862 τῆς
934 2768 1060 2861 ἡγεμο-

49 2882 126 2955 νίας
137 2871 382 2965 ἀμφισβητείν,
398 2875 550 2957 είκότως·
564 2875 605 2946 τά
614 2874 679 2966 γάρ
693 2876 854 2947 κάλλιστα
866 2882 935 2944 τοῖν
949 2882 1060 2964 ἔργων

51 2973 254 3068 ἀμφοτέροις
266 2968 311 3067 ἦν
323 2981 599 3076 κατειργασμένα.
614 2985 652 3048 οί
661 2980 723 3068 μέν
737 2977 801 3069 γάρ
810 2978 973 3069 πρόγονοι
979 2974 1059 3057 τοὺς

50 3079 245 3171 βαρβάρους
264 3086 424 3171 ένίκησαν
445 3090 481 3151 οἳ
500 3087 628 3171 πρῶτοι
650 3089 708 3171 τῆς
718 3079 865 3169 Ἀττικῆς
879 3082 1057 3169 ἐπέβησαν,

51 3184 109 3252 καί
122 3191 298 3274 καταφανῆ
317 3189 481 3278 ἐποίησαν
500 3183 564 3272 τὴν
584 3180 748 3274 ἀνδρείαν
764 3191 826 3253 τοῦ
842 3182 989 3253 πλούτου
1003 3184 1059 3250 καλ

22 3289 25 3292 “
51 3283 114 3372 τὴν
130 3282 253 3412 ἀρετὴν
267 3294 329 3358 606
343 3288 497 3388 πλήθους
513 3289 811 3376 περιγιγνομένην·
847 3281 1059 3372 Λακεδαιμό-
1127 3363 1129 3366 ,

52 3414 118 3457 νιοι
132 3385 167 3458 δ
191 3391 229 3459 έν
243 3390 477 3479 Θερμοπύλαις
496 3388 763 3515 παραταξάμενοι
782 3404 854 3469 ταῖς
869 3386 986 3476 μέν’
945 3414 1060 3474 τυχαις

51 3486 114 3577 οὐχ
139 3488 263 3581 ὁμοίως
291 3490 491 3581 ἐχρήσαντο,
519 3497 559 3582 τῇ
586 3487 618 3560 δ’
649 3489 790 3584 ἀνδρείᾳ
816 3488 904 3561 πολὺ
923 3488 1060 3558 πάντων

52 3590 245 3730 διηηεηηηαν
277 3602 458 3685 τοιγαροῦν
479 3596 533 3665 ἐπὶ
547 3609 615 3676 τοίς
629 3590 736 3684 όρίοις
754 3622 815 3663 του
800 3598 911 3749 βὸογ
930 3588 1059 3680 μαρτά-
1040 3598 1119 3651 -109

51 3700 74 3742 ο
