2467 3942
145 168 186 229 54
278 163 562 228 ΜΑΝΕΘΩΝΟΣ
579 163 1021 230 ΑΠΟΤΕΛΕΣΜΑΤΙΚΩΝ
1119 175 1126 185 “

149 359 200 412 505
214 337 368 429 ἀλλήλων
380 337 543 427 Κύπρις
555 364 592 407 τε
605 337 661 406 καί
676 333 844 427 εὐφεγγὴς
857 337 939 421 θοός
955 337 1120 432 Ἑρμῆς,

212 436 359 531 αύλύνῆ
376 440 519 533 κιθάρης
531 433 552 529 ἢ
565 438 680 530 άοιδης
693 437 879 530 εύρύθμοιο

212 543 252 634 ἠέ
264 547 319 615 καὶ
332 542 506 634 ὀρχηθμοῦ
518 542 728 633 βητάρμονας
741 550 851 634 ίὸριας
864 541 963 626 ὄντας

212 646 363 740 θηκανύ,
378 641 399 747 ἢ
413 646 551 747 χλεύησι
563 646 676 727 λάλοις
689 647 824 735 μάχλοις
837 645 870 717 τ’
887 650 1041 719 ἐπέεσσιν

212 755 402 841 τέρποντος,
416 747 574 840 τραγικῆς
586 777 623 821 τε
636 750 854 840 βαροβρόμου
868 755 1001 840 ἵστορας
1012 763 1134 842 οίμης,

152 873 202 926 510
215 856 289 926 αἰέν
302 851 354 924 ἐπ’
371 850 604 942 εύρυχύροισιν
616 850 828 945 ιἰλιοομένους
840 855 1041 944 θνμέλησιν.

252 964 283 1028 εί
295 954 378 1028 δέθ’
393 953 483 1046 όροις
491 952 635 1045 Ἑρμοῦ
648 956 788 1042 Τιτάν,
803 953 947 1038 αύτόςθ’
962 955 1020 1046 ἅμ’
1036 951 1163 1055 ἐκείνῳ

208 1057 358 1151 Ἑρμείης
373 1065 542 1148 φαίνηται,
557 1056 765 1149 άεθλητηρας
779 1064 921 1143 ἔτευξεν.

101 1236 104 1241 ,
210 1159 276 1256 κῆν
289 1164 352 1252 μέν
365 1161 406 1254 δὴ
420 1161 565 1232 τούτοισι
578 1167 665 1253 συνῇ
679 1155 763 1252 καλὴ
779 1167 1019 1251 Κυθέρεια,

211 1267 390 1355 κυδάλιμοι
402 1272 515 1355 νίκησι
530 1267 755 1354 πολυστεφέες
766 1264 795 1335 τ’
812 1267 976 1355 ἐγένοντο·

149 1388 200 1441 515
214 1377 244 1441 εί
263 1371 300 1441 δέ
313 1368 474 1457 Κρόνος
486 1365 659 1439 κατέναντ’
679 1369 902 1459 ἐπιμάρτυρος
914 1364 936 1458 ἢ
949 1367 1162 1457 τετράγωνος

105 1541 110 1551 ,
212 1471 251 1562 η’ἐ
264 1469 378 1543 σννοόν
394 1478 564 1560 φαίνηται,
582 1473 638 1542 ἐπὶ
652 1471 762 1560 χθόνα
775 1478 886 1543 πᾶσαν
899 1469 1044 1542 ἀλῶνται

213 1574 371 1665 άστεφέες
385 1589 556 1663 ψαφαροῑς
569 1601 605 1644 τε
617 1574 726 1664 μάτην
738 1581 902 1649 σταδίοισι
914 1581 1107 1664 μογοῦντες.

252 1675 424 1769 ιόρονόμον
438 1673 470 1746 δ’
489 1675 621 1748 ιἰκτίσιν
634 1680 703 1758 ἕαϊς
716 1678 903 1749 λεύσσουσα
915 1685 948 1748 Κ
956 1676 1099 1770 υθηρη
1169 1718 1175 1732 ·

211 1785 248 1852 ἐκ
262 1781 368 1871 πυρός
380 1774 402 1869 ἢ
415 1789 544 1851 πολιοῖο
557 1784 674 1869 τέχνας
689 1777 822 1851 ὤπασσε
838 1780 990 1872 σιδήρου.

149 1901 202 1954 520
253 1881 296 1975 ἢν
309 1883 340 1955 δ’
352 1881 473 1972 Ἑρμῇ
487 1876 598 1972 χοῖρον
610 1879 692 1954 καθ’
712 1882 768 1955 ἑὸν
780 1890 926 1974 βεβαῶτι
939 1883 1094 1975 συνάπτῃ

211 1983 232 2077 ἢ
247 1987 427 2077 σύμφωνος
439 1982 555 2077 ὄρηται
567 1981 635 2057 ύπὸ
647 1994 828 2076 Στίλβοντι
840 1986 1027 2078 Σελήνη,

212 2091 308 2161 αίόλα
322 2089 562 2170 όαιδάλλοντας
576 2092 646 2172 ἑαῖς
659 2097 827 2180 χείρεσσιν
839 2096 970 2181 ἔφηναν
993 2182 996 2187 ⁴

214 2198 251 2264 ἐκ
270 2197 410 2284 πριστοῦ
424 2184 602 2281 ἐλέφαντος
615 2188 638 2281 ἢ
652 2195 689 2263 ἐκ
702 2193 850 2281 Λύγδοιο
864 2198 1005 2283 φαεινῆς

215 2294 376 2387 εύτήκτον
391 2291 421 2365 τ’
438 2292 503 2365 άπὸ
520 2301 628 2386 κηροῦ
642 2299 809 2379 ἐυξεσταίς
821 2302 1016 2368 σανίδεσσιν
1078 2334 1082 2339 ’

148 2418 199 2471 525
216 2397 346 2490 μορφάς
356 2394 519 2490 μιμηλῇσι
533 2402 801 2488 χαρασσομένους
814 2406 1047 2489 γραφίὸεσσιν.

249 2506 358 2596 μέσσῳ
373 2499 405 2571 δ’
421 2503 460 2570 ἐν
472 2504 599 2596 κέντρῳ
608 2511 663 2573 Θο
672 2509 771 2592 ύρος
784 2506 959 2594 σφετέροιο
972 2497 1045 2573 κατ’
1060 2512 1159 2572 οίκου
1180 2594 1182 2597 ¹

209 2604 328 2697 Ἐρμῇ
343 2602 554 2694 όμοτροχάων
571 2607 688 2695 τέχνας
705 2603 839 2676 ύπασσε
851 2605 1053 2696 βαναύσους.

251 2701 326 2780 εύτε
339 2714 553 2796 Σεληναίη
568 2707 605 2777 δέ
619 2715 845 2799 μεσουρανίον
858 2706 924 2784 άπὸ
937 2711 1081 2798 κέντρον

211 2819 321 2902 κλίνη,
345 2809 428 2901 ιἰτάρ
442 2819 473 2880 Φ
482 2815 550 2880 αίν
559 2838 613 2882 ων
627 2839 663 2881 τε
676 2809 806 2898 καὶἌρ
816 2839 862 2901 ης
877 2815 1005 2906 κέντρῳ
1019 2814 1157 2895 έποῐσιν,

149 2933 201 2986 530
215 2920 316 3004 τῆμος
329 2911 401 2985 όσοι
414 2918 539 3003 φῦσαν,
552 2914 768 2985 νεκνοστύλοι
782 2918 993 3003 ἐξεγένοντο,

210 3013 232 3108 ἢ
246 3019 389 3106 φρουροί
401 3017 535 3088 νεκύων
552 3016 690 3107 τύμβοις
700 3023 751 3088 ἔνι
764 3017 983 3099 ναιετάοντες.

214 3127 246 3192 εί
258 3121 295 3191 δέ
308 3118 511 3208 γυναικός
524 3125 562 3209 έη
576 3123 739 3212 γενέθλη,
759 3136 865 3193 τοῖσιν
883 3122 920 3192 δὲ
935 3127 1054 3209 συνείη

206 3222 477 3314 Ἀφρογενής,
491 3225 662 3311 τεγέεσσιν
679 3223 843 3314 ἐφήμενοι
856 3234 971 3314 αίσχεα
986 3229 1120 3314 δρῶσιν.

74 3414 77 3419 Ι
250 3323 374 3398 ὁππότε
388 3323 422 3396 δ’
443 3322 597 3419 άρονομῇ
609 3335 686 3398 Στί
694 3337 713 3397 λ
724 3335 809 3417 βων
822 3333 906 3411 ζῶον
923 3325 1008 3397 κατά
1020 3332 1127 3417 θῆλυ,

147 3444 198 3499 535
209 3430 353 3526 δεικηλςο
368 3427 399 3500 δ’
414 3430 465 3501 ἐνί
479 3434 656 3526 θηλυτέρφ
674 3431 730 3500 καὶ
744 3431 869 3521 Μήνη
889 3433 1002 3519 ἐπείη,

209 3529 369 3627 ύρονόμφ
385 3534 422 3604 δέ
438 3532 606 3625 Κρόνος
617 3531 843 3629 τεκαίἉρης
857 3530 983 3606 ὁππότε
996 3536 1122 3627 κέντρῳ
