2467 3942
175 175 221 234 VI
556 183 769 241 saturano.

173 365 240 403 rum
267 343 465 422 exemplaria.
515 341 644 402 Illarum
670 343 832 423 regionum
864 342 985 404 incolae
1012 343 1149 419 Arabes,
1229 396 1230 405 ι

173 437 335 508 postquam
357 427 602 489 animadvertere
616 428 776 489 volumina
795 447 919 508 quoque
939 429 994 489 illa
1016 449 1036 489 a
1056 450 1151 509 pere·

173 513 269 592 grinis
292 514 325 572 in
347 514 446 592 pretio
468 511 586 587 haberi,
611 513 744 592 diligent
745 533 778 574 er
800 515 987 593 conquirunt
1009 523 1039 575 e
1027 516 1150 576 tinter

173 607 290 658 ceteras
317 617 365 658 res
394 617 474 677 quae
501 599 535 657 in
561 597 711 677 sepulcris
739 600 942 658 inveniuntur
967 599 1148 660 venditant.
1229 640 1230 653 ι

173 683 275 743 Exstit
238 684 301 742 ttit
321 683 418 768 igitur
438 684 471 742 in
493 683 635 763 sepulcro
657 682 792 763 quodam
806 682 984 744 Thebarum
997 684 1150 746 volumen
1229 680 1230 683 ’

172 788 382 848 papyraceum
403 767 611 849 Hyperidist
612 788 661 829 res
683 769 839 829 orationes
862 770 1035 844 continens,
1060 771 1151 870 quod

129 860 130 863 ’
172 862 245 932 pate
214 853 328 913 tefacto
350 853 491 932 sepulcro
514 852 553 918 ab
575 850 731 912 Arabibus
754 855 834 913 circa
861 855 1046 935 principium
1068 858 1150 914 anni
1229 882 1230 891 ι

174 939 256 996 1847
278 938 361 1001 iuter
388 939 494 998 cetera*
518 940 681 998 inventum
708 938 883 1018 elatumque
906 936 1000 1016 est.*)
1046 937 1147 999 Habi-
1229 954 1230 957 ’

171 1021 258 1082 tabat
280 1021 344 1082 illic
365 1023 447 1083 inter
468 1023 574 1084 ruinas
596 1032 737 1084 vetustae
758 1023 843 1091 urbis
860 1021 1057 1084 Oastellarius
1077 1025 1146 1104 qui-

173 1106 244 1166 dam
281 1107 372 1172 homo
405 1108 517 1183 Italus,
562 1108 616 1188 qui
648 1107 769 1168 Arabes
802 1108 1011 1169 assuefecerat
1050 1128 1146 1188 quae·

159 1211 292 1271 ‘cunque
319 1193 514 1254 invenissent
547 1193 649 1273 adse
678 1193 813 1267 deferre,
849 1192 924 1253 inde
956 1194 1057 1273 pretio
1092 1213 1147 1254 ex·
1229 1254 1230 1257 ,

106 1314 109 1319 -
170 1278 243 1355 iguo
267 1277 311 1336 eis
332 1277 432 1339 soluto
458 1277 730 1357 peregrinantibus
758 1277 867 1339 eadem
894 1299 1007 1357 magno
1034 1278 1146 1338 vendi·
1229 1286 1230 1337 ζ

170 1362 267 1423 tabat.
317 1363 428 1443 Itaque
463 1384 532 1422 oum
567 1383 642 1423 vere
675 1364 751 1423 anni
784 1364 865 1431 1847
898 1361 938 1422 Α.
969 1361 1004 1424 O.
1032 1362 1166 1425 Harris'

170 1446 355 1521 Britannus,
388 1449 443 1527 qui
474 1447 688 1509 Alexandriae
717 1448 905 1510 domicilium
932 1448 1144 1527 constituerat,
1229 1442 1230 1449 '

170 1530 295 1591 Thebas
317 1533 469 1613 venisset,
499 1554 518 1592 a
542 1530 740 1607 castellario,
770 1553 862 1613 quem
888 1552 965 1593 sane
990 1535 1057 1612 ipse
1079 1553 1147 1593 non

170 1616 319 1690 nominat,
342 1616 472 1696 triginta
495 1617 555 1677 duo
579 1619 755 1697 fragmenta
775 1619 893 1677 maiora
913 1619 1072 1679 minorave
1095 1639 1145 1678 ao·
1229 1618 1230 1623 ’

171 1702 267 1781 cepit,
299 1703 492 1763 coutinentia
518 1702 573 1762 illa
601 1703 748 1783 reliquias
776 1703 925 1763 orationis
953 1697 1060 1763 contra
1080 1702 1146 1764 De·

170 1785 363 1847 mostheuem
384 1789 557 1867 priorisque
575 1789 672 1867 partis
687 1789 754 1851 eius
769 1808 849 1868 quae
864 1808 921 1867 pro
935 1788 1146 1868 Lycophrone
1222 1804 1227 1813 ·

122 1884 124 1897 ³
170 1870 277 1931 hahita
300 1880 355 1931 est.
400 1871 464 1932 Sed
484 1873 563 1934 haec
584 1873 760 1952 fragmenta
782 1873 908 1933 alterius
931 1881 1052 1932 tanturn
1072 1891 1143 1951 par·

170 1958 209 2015 tis
231 1956 396 2017 voluminis
419 1966 517 2031 erant,
541 1958 652 2019 misere
673 1958 799 2018 habitae
822 1957 977 2037 foedeque
992 1957 1142 2018 dilacera·
1229 2013 1231 2016 ,

170 2049 236 2117 tae3
261 2041 304 2101 alt
293 2051 359 2102 tera
380 2062 451 2122 pars
474 2051 505 2102 et
527 2043 650 2122 integra
671 2052 828 2104 manserat
853 2062 956 2122 neque
978 2044 1011 2101 in
1032 2062 1144 2102 manus

172 2123 347 2186 Castellarii
368 2136 507 2188 venerat.
550 2128 705 2208 Iosephus
726 2129 810 2189 euim
830 2127 949 2202 Arden,
973 2127 1144 2187 Britannus

171 2212 232 2270 et
224 2230 305 2290 ipse,
336 2233 405 2283 cum
435 2211 501 2273 Oal
529 2213 599 2272 Ian.
630 2235 658 2274 a.
684 2213 766 2274 1847
794 2209 919 2274 Thebas
948 2213 1084 2273 venisset
1114 2220 1146 2275 ct
1229 2288 1230 2299 ἵ

169 2296 216 2354 ult
205 2304 251 2356 tra
274 2297 366 2357 etiam
387 2317 593 2375 processurus,
619 2298 693 2358 dein
708 2297 833 2358 Thebas
848 2317 1028 2360 reversurus
1050 2307 1144 2370 esset,

170 2379 290 2440 Arabes
313 2378 590 2443 commonefecerat
613 2385 697 2443 utsi
720 2403 781 2463 qua
802 2383 923 2444 interea
950 2382 1147 2443 invenissent
1229 2396 1230 2401 ’

170 2464 231 2524 sibi
253 2475 462 2532 reservarent;
491 2467 576 2528 unde
599 2468 645 2528 illi
667 2469 791 2528 maioris
813 2468 908 2546 pretii
930 2487 987 2548 spe
1007 2466 1146 2546 amplum

171 2548 249 2608 illud
270 2551 415 2611 volumen
439 2549 656 2614 Castellarium
684 2552 852 2632 diligenter
873 2553 1065 2625 celaverunt,
1095 2572 1144 2612 re·
1229 2604 1230 2617 ι

172 2634 342 2714 deuntique
356 2633 497 2696 Ardenio
513 2650 607 2698 noctu
629 2638 707 2698 clam
727 2637 808 2697 Italo
830 2639 977 2699 trecentis
999 2645 1030 2697 et
1051 2637 1144 2715 quin·

170 2719 321 2799 quaginta
353 2722 484 2781 nummis
516 2721 655 2783 Turcicis
690 2722 924 2787 vendiderunt„
967 2720 1145 2783 Sciscitanti
1229 2792 1230 2795 Ἴ

170 2813 283 2878 tamen,
308 2805 363 2865 ubi
384 2807 546 2867 inventum
567 2816 663 2882 esset,
688 2807 793 2867 callidi
814 2807 953 2868 homiues
976 2825 1145 2885 numquam

170 2886 271 2948 locum
285 2890 417 2968 prodere
432 2893 610 2964 voluerunt,
635 2912 738 2972 neque
755 2892 842 2953 aliud
856 2892 1034 2952 indicarunt
1049 2909 1145 2970 quam

172 2974 253 3034 circa
274 2975 375 3035 locum
396 2977 450 3057 qui
466 2975 616 3037 Gournou
632 2977 743 3038 dicitur
765 2979 798 3036 in
819 2977 925 3057 lignea
948 2996 1019 3036 arca
1039 2975 1142 3054 sepul·
1229 3046 1230 3053 ἵ

170 3058 246 3119 crali
273 3060 425 3121 inclusum
451 3063 634 3141 repperisse.
685 3061 840 3124 Volumeu
873 3061 912 3122 ab
939 3059 1079 3121 Ardenio
1100 3062 1143 3119 ¹iu
1229 3120 1230 3125 ,

169 3144 367 3206 Britanniam
388 3154 591 3227 asportatum,
621 3147 676 3207 ubi
704 3147 871 3226 diligenter
892 3146 1013 3206 evoluto
1036 3145 1161 3223 cogni.
1229 3162 1231 3217 f

247 3361 274 3430 *J
297 3365 339 3415 De
362 3365 408 3415 his
429 3364 558 3415 conferas
580 3365 773 3433 praefationes
796 3365 949 3416 editionum
966 3364 1143 3415 Britannica·

169 3444 243 3493 rum,
267 3432 444 3484 Ardenianae
462 3433 592 3493 maxime,
615 3434 664 3484 uhi
683 3433 786 3484 diserte
804 3436 954 3492 narrantur
972 3446 1043 3496 quae
1062 3446 1080 3480 a
1096 3445 1142 3515 me

172 3498 263 3551 obiter
279 3498 407 3555 indicata
425 3504 498 3550 sunt.
