2467 3942
374 179 673 237 ΑΠΟΕΠΑΕΜΑΤΙΑ.
903 183 906 188 ’
964 184 1003 247 ’Π

121 348 173 415 68.
196 350 365 431 Μέμνημαι
387 351 423 415 δὲ
446 353 498 433 καὶ
519 353 592 431 περὶ
614 356 673 418 τοῦ
695 356 751 431 τῆς
772 350 907 435 γνώμης
928 351 1005 419 ὀνό-
1018 370 1044 412 69

46 456 136 514 ματος
165 436 266 501 εἰπὼν
295 437 341 502 ὡς
368 436 421 501 ἐπὶ
449 441 516 503 τῶν
543 440 693 504 παλαιῶν
721 438 757 503 ἐν
783 435 842 522 ίςιμ
870 438 934 503 εἴτε
960 444 1006 521 τῷ

46 521 179 587 διανοίας
206 520 271 586 εἴτε
299 522 351 586 καὶ
377 521 559 601 ἐννοήςεως
586 522 787 600 ἐλέγετο-
809 559 851 570 -
878 524 930 588 καὶ
956 521 1006 589 Αἰ-

45 605 143 684 ςχίνης
165 608 201 670 δὲ
222 607 303 671 κατὰ
324 606 438 672 τοίιςοε
460 607 480 671 ὁ
504 607 703 687 (ωκρατικὸς
724 607 760 672 ἐν
782 613 828 689 τῷ
850 607 1007 686 Μιλτιάδῃ

44 691 116 755 κατὰ
137 692 176 756 τὸ
198 690 279 755 αὐτὸ
302 692 535 772 ςημαινόμενον
557 695 705 772 κέχρηται
732 698 779 775 τῷ
801 689 935 769 ὀνόματι
957 693 1008 756 καὶ

44 775 107 839 Ὑπ.
129 776 166 841 ἐν
187 781 234 860 τῷ
249 775 318 841 κατ’
331 776 406 841 Αὐτ.
423 778 474 841 καὶ
488 776 591 843 ἄλλοι.
630 776 774 841 Galenus
789 772 855 840 vol.
871 773 1004 855 XVIII,

44 858 62 921 2
80 881 111 944 p.
133 858 198 925 656
221 881 270 944 sq.
292 859 405 924 Kiihn.
1093 895 1095 902 ν

273 1010 374 1076 XIII.
411 1014 520 1081 ΠΡΟ(
541 1014 776 1082 ΔΑΜΙΠΠΟΝ.
1018 1026 1050 1071 XI

120 1129 173 1194 69.
202 1129 407 1215 αρόςκίηοις
438 1132 457 1211 ἡ
491 1132 536 1198 εἰς
571 1133 771 1214 δικαςτήριον
800 1136 923 1215 κλῆςις,
957 1134 1009 1198 καὶ
1022 1150 1047 1191 ⁷0

46 1212 331 1294 αροςναλέοαοθαι
359 1218 398 1283 τὸ
426 1217 662 1297 παραγγέλλειν
690 1218 734 1282 είς
762 1218 867 1295 δίκην·
896 1218 1008 1297 Δημο-

46 1301 147 1382 ςθένης
177 1301 214 1365 ἐν
241 1308 288 1387 τῷ
310 1303 465 1381 περὶτοῦ
487 1301 615 1379 Ἁγνίου
642 1303 779 1385 κλήρου,
808 1302 880 1367 Ὑπ.
904 1302 1008 1386 ἐντῷ

46 1386 119 1462 πρὸς
139 1386 330 1467 Δάμιππον.
373 1385 536 1472 Harpocr.

353 1537 448 1604 XIV.
485 1538 694 1606 ΔΗΛΙΑΚΟΕ
1018 1557 1060 1601 xn

121 1659 175 1724 Of.
204 1659 302 1723 Dem.
332 1657 374 1722 de
402 1678 523 1722 corona
553 1660 574 1739 ὅ
604 1658 681 1740 1343
718 1656 831 1740 Biogr.
864 1655 898 1719 X
925 1666 1008 1721 orat.

47 1766 75 1827 p.
95 1745 156 1809 849
180 1744 224 1827 F3
250 1741 408 1829 Aponon.
436 1742 505 1805 vit.
528 1742 650 1807 Aesch.
674 1765 712 1890 lp
735 1741 799 1806 402
821 1741 872 1807 ed.
895 1742 1008 1823 ταινίας

48 1827 196 1915 Hermog.
218 1827 274 1893 III
295 1851 328 1914 p.
350 1826 414 1890 219
435 1825 508 1909 W.3
531 1824 623 1891 Max.
646 1823 739 1890 Pan.
763 1826 795 1889 V
817 1845 849 1913 p.
867 1824 930 1891 482
952 1823 1007 1904 W.
1134 1887 1137 1888 ς

122 1913 178 1989 70,
199 1909 285 1987 Θεὸς
296 1910 360 1998 μὲν
371 1902 415 1995 ἦν
427 1908 482 1975 ἀεί
494 1947 536 1959 -
549 1948 587 1958 -
604 1911 737 1993 λέγεται
751 1909 815 1993 γὰρ
830 1907 894 1994 τήν
909 1907 1008 1994 Λητώ
1023 1933 1048 1973 ιι

48 1998 193 2063 κύουσαν
214 1992 295 2071 τούς
316 1997 439 2072 παῖδας
461 1995 501 2061 ἐκ
523 1992 608 2072 Διὸς
635 1996 844 2062 ἐλαύνεσθαι
863 1989 931 2060 ὑπὸ
950 1999 1010 2078 τῆς
1116 2033 1118 2037 ,
1139 2007 1143 2012 ’

40 2078 134 2165 Ἤρας
154 2080 242 2150 κατὰ
263 2086 329 2166 γῆν
351 2081 408 2145 καὶ
429 2077 513 2145 κατὰ
533 2081 730 2145 θάλασσαν·
753 2078 819 2163 ἤδη
842 2080 880 2146 δὲ
902 2076 1009 2182 αὐτὴν

48 2168 276 2252 βαρυνομένην
291 2165 348 2231 καί
370 2162 569 2249 ἀποροῦσαν
591 2166 639 2243 εἰς
653 2164 716 2251 τὴν
730 2170 797 2249 γῆν
817 2164 935 2230 ἐλθεῖν
949 2186 1012 2246 την

49 2248 205 2357 ἡμετέραν
220 2251 278 2316 καὶ
299 2254 402 2315 λῦσαι
422 2247 485 2334 τὴν
506 2249 616 2334 ξείνην
640 2250 679 2316 ἐν
700 2255 747 2336 τῷ
769 2247 860 2336 τόπῳ
884 2245 921 2325 ὃς
943 2252 1010 2313 νῦν

49 2339 182 2424 Ζοστηρ
204 2340 365 2402 καλεῖται.
410 2331 522 2399 Prima
543 2338 647 2400 verba
664 2337 771 2400 Anon.
795 2334 838 2400 ad
852 2333 975 2404 Hermo
1003 2382 1009 2396 .

49 2417 109 2486 VII
127 2446 160 2509 p.
186 2422 249 2487 956
271 2431 355 2504 not.3
384 2420 509 2486 relicua
529 2420 620 2484 Max.
643 2419 736 2486 Plan.
758 2420 792 2486 V
812 2442 845 2568 ρ.
868 2418 930 2483 481
1001 2466 1009 2482 .

49 2506 231 2573 -Eadem
252 2529 306 2571 ma
330 2507 357 2569 's
379 2506 485 2570 etiam'
498 2505 565 2569 inte
607 2527 637 2587 a,
660 2505 719 2569 sed
733 2504 811 2591 paul
826 2528 881 2568 um
895 2505 1010 2567 immu-

49 2592 117 2656 tatis
139 2593 252 2658 verbis
276 2614 294 2655 e
342 2591 410 2656 'bet
430 2590 545 2655 Ioann.
593 2591 635 2655 ic.
656 2590 707 2655 VI
728 2613 760 2677 p.
776 2589 841 2654 210
862 2588 933 2653 Wz:
958 2590 1010 2653 λε’-

50 2695 127 2750 γεται
149 2680 212 2759 γὰρ
234 2679 292 2755 τὴν
314 2678 406 2757 Λητὼ
430 2676 567 2743 κύουςαν
590 2677 624 2741 ἐκ
639 2677 721 2742 Διὸς
743 2675 930 2741 ἐλαύνεςθαι
944 2673 1009 2739 ὑπὸ

49 2765 98 2840 τῆς
117 2764 221 2843 Ἥρας
243 2763 322 2827 κατὰ
343 2764 448 2827 πᾶςαν
474 2764 536 2840 γῆν
563 2782 598 2827 τε
624 2762 676 2827 καί
697 2761 856 2826 θάλαςςαν
879 2761 1010 2839 Ζηλοτυ·

51 2897 245 2909 ᾕ--ιι-

52 2964 90 3014 καὶ
113 2964 305 3018 ταυτοκλέους
329 2964 412 3017 BOG.
442 2992 476 3002 -
505 2966 539 3016 68
565 2962 633 3016 κατ’
655 2962 727 3016 αὐτὸ
752 2962 907 3016 Διοκλέους
932 2963 1009 3025 libri;

51 3047 96 3086 em.
113 3034 139 3084 S.
170 3061 202 3069 -
233 3036 266 3085 ‘10
287 3035 375 3088 Anon.
399 3033 436 3083 ad
458 3033 589 3098 Hermog.
608 3031 662 3083 VII
683 3048 709 3096 p.
733 3033 783 3083 966
806 3036 879 3082 Πολι
902 3030 1011 3094 ww..

19 3123 20 3132 ι
52 3097 161 3161 ὁραθείς
180 3099 349 3165 ἐγκωμιάςαι
370 3099 423 3152 τὸν
442 3099 576 3153 Ἀπόλλω
598 3098 646 3151 καὶ
668 3099 705 3163 μὴ
727 3098 858 3164 δυνηθείς
876 3099 1011 3162 θεολογή-

52 3178 101 3232 ςαι,
123 3172 176 3220 τοῦ
200 3168 290 3232 μύθου
308 3166 454 3234 ἀπὴρξατο
477 3170 529 3220 τοῦ
552 3167 617 3232 περί
639 3166 694 3231 τὴν
712 3165 797 3232 Λητὼ
819 3165 1010 3234 γεγενημένου

53 3231 81 3283 ἐν
97 3239 133 3302 τῇ
150 3236 255 3303 Δήλῳ,
278 3237 323 3288 καί
347 3236 522 3299 βουλόμενος,
540 3235 627 3288 δείξαι
648 3233 681 3286 ἐκ
702 3235 825 3286 παλαιοῦ
848 3235 904 3300 τὴν
925 3233 1011 3288 πόλιν

53 3298 150 3356 οἰκείαν
170 3303 243 3356 εἶναι
258 3297 457 3366 Ἀπόλλωνος,
475 3329 508 3340 -
526 3330 560 3339 -
581 3302 608 3356 ἐξ
628 3302 868 3366 ὁμολογουμένων
885 3299 1011 3367 πραγμά-

54 3382 107 3421 τοιν
127 3372 244 3436 ἤρξατο,
272 3370 495 3436 ἁναλογούντων
516 3374 559 3437 τῷ
582 3369 671 3434 γένει,
697 3368 790 3433 λέγων
812 3370 878 3422 θεὸς
900 3368 951 3433 μὲν
973 3366 1010 3430 ἦν
1071 3423 1073 3428 s

55 3433 152 3491 ἀείκαὶ
169 3439 294 3505 minc.
318 3467 352 3477 -
373 3441 448 3491 Max.
466 3439 561 3492 Plana
584 3438 757 3503 βουλὸμενος
778 3437 833 3502 γὰρ
856 3435 964 3488 ἐκεῖνος
982 3433 1010 3486 ἐξ

54 3500 163 3569 ἀρχαίου
179 3507 266 3562 δεῖξαι
281 3511 342 3561 τοῖς
360 3504 518 3574 Ἀθηναίοις
535 3506 572 3559 τὰ
589 3506 620 3560 ἐν
632 3504 727 3578 ΔήλῳΙ
741 3504 804 3571 ἱερὰ
820 3501 1009 3568 προςὴκοντα,
