2467 3942
195 180 235 243 58
324 177 612 239 ΜΑΝΕΘΩΝΟΣ
630 175 1081 241 ΑΠΟΤΕΛΕΣΜΑΤΙΚΩΝ

256 348 330 423 ἀλλ’
348 357 379 421 εί
391 348 453 440 μὲν
465 347 571 431 Ζεύς
583 363 670 420 τοῖσι
685 355 782 438 φίλος
795 351 850 421 καί
863 350 1031 441 μάρτυρος
1044 364 1121 443 εἴη,

257 454 430 525 κινδύνων
449 453 567 543 ῥύεταί
578 454 684 523 τεκαὶ
698 455 735 522 ἐκ
748 452 907 541 καμάτων
925 454 1095 526 ἐσάωσεν·

256 557 354 629 οἰντία
368 557 407 627 δδ
420 554 553 646 Ζηνός
572 555 724 626 λεύσσων
737 556 901 646 Κρόνος
912 552 1016 646 ἄλγεα
1030 559 1148 649 τεύχει

258 666 345 745 ἕξειν
359 656 547 748 δυσπονίην
565 687 611 746 τε,
627 666 704 747 σίνη
718 659 756 729 δὲ
772 664 924 748 χερείονα
941 666 1063 732 δῶκεν.

194 781 247 836 636
301 763 410 834 Τόσσα
427 761 491 853 μὲν
508 760 595 852 ἀμφὶ
613 761 767 848 νόσων,
785 765 840 832 ἐπὶ
860 760 891 832 δ’
909 773 1023 835 εθιελα
1041 781 1135 836 τοῖσι
1151 766 1209 837 δύ-

813 892 890 944 ναιτ
918 896 962 935 αν

258 968 444 1057 φράζεσθαι
458 965 545 1055 μύλα
559 965 666 1037 πολλοὶ
679 966 747 1060 νόφ
760 971 973 1058 πεπνυμένος
985 967 1091 1058 ἀνήρ·

256 1067 380 1154 λε’ξωδ
396 1061 746 1159 αύμετίπειθ’,ὦςίκ
758 1071 947 1142 κτεάνων
960 1074 1062 1143 τεκαὶ
1075 1070 1208 1163 ὄλβου

258 1175 348 1245 Αἶσα
358 1172 448 1262 κακὴ,
457 1171 604 1263 κρυερόν
617 1180 769 1263 πενίην
781 1176 836 1244 ἐπὶ
850 1182 963 1264 φῶτας
976 1172 1101 1262 ιἰχινετ.

296 1282 431 1369 κλήρων
445 1274 615 1360 ἐξελάσωσι
629 1274 915 1367 βροτούςΦαίνω
924 1308 946 1349 ν
957 1278 1102 1369 Πυρόε
1111 1280 1150 1360 ις
1162 1309 1205 1366 τε,

193 1397 244 1451 666
258 1378 293 1463 ὃς
305 1382 369 1469 μὲν
382 1380 532 1469 πρόσθεν
552 1379 614 1450 ίοδν
624 1378 877 1467 Ὑπερίονος,
899 1378 936 1463 ὃς
950 1385 990 1451 δέ
1000 1378 1028 1451 τ’
1047 1380 1203 1455 ὄπισθεν.

294 1489 398 1553 ταῦτα
411 1483 450 1553 δὲ
463 1485 519 1552 καί
532 1483 679 1572 μεσοίτου
694 1483 780 1574 ῥέζει
793 1491 911 1566 κλίνας
923 1482 989 1554 ιἰπδ
1002 1486 1150 1576 κέντρου

257 1583 371 1676 ἀστήρ,
385 1576 466 1673 ούγε
482 1585 581 1675 δόμος
598 1584 718 1666 κεδνός
730 1586 809 1656 τόδε
822 1591 963 1677 κέντρον
976 1586 1118 1678 ἐτύχθη.

295 1692 351 1759 ναὶ
363 1687 431 1780 μην
443 1691 500 1759 καὶ
512 1691 696 1780 Πυρόεις
709 1687 841 1779 βεβαώς
853 1689 925 1783 ζοόφ
938 1691 1065 1780 βιότοιο

176 1811 181 1820 ’
256 1790 380 1876 ἐξόπιθ
398 1789 581 1883 ύρονόμοιο
595 1792 748 1885 πατρούια
762 1790 855 1863 πάντ’
872 1795 1073 1866 ἐκέδασσεν·

192 1912 245 1966 646
259 1899 353 1986 ἔξοχα
370 1893 403 1967 δ’
420 1907 454 1966 εί
464 1892 491 1965 κ’
502 1892 601 1989 ἀύτῷ
617 1899 722 1986 συνίη
736 1896 898 1986 κερόεσσα
911 1898 1091 1986 Σελήνη.

254 1997 318 2080 τοδς
331 1997 364 2070 δ’
380 1996 483 2089 αἰστὴρ
500 1997 636 2090 παρεοδν
649 2002 733 2090 ῥέξει
742 2002 920 2089 σφετέροιο
933 1997 1002 2070 κατ’
1017 2011 1133 2087 οἴκου,

255 2104 287 2185 ἐς
302 2099 370 2192 λίβ’
387 2099 431 2173 ὅτ’
447 2098 490 2172 ύν
503 2108 630 2199 δυτικῷ
641 2105 770 2198 κε’ντρφ
783 2100 962 2173 κατόπισθ’
979 2105 1144 2194 ἐπιδύνη·

255 2207 311 2275 καὶ
326 2203 357 2276 δ’
374 2204 437 2297 ἄρα
455 2208 512 2277 καὶ
525 2207 662 2296 κλήροιο
676 2206 775 2295 τύχης
788 2209 919 2294 μεδέων
932 2203 1128 2298 ιἰπύμερσεν

254 2306 367 2397 ὄλβον,
381 2307 431 2380 ὅτ’
448 2307 547 2390 αύτδς
562 2316 610 2381 ἔοι
625 2311 767 2400 κέντρου
785 2317 916 2397 βαίνων
929 2311 1168 2400 προπάροιθεν.

190 2428 242 2482 646
294 2410 377 2502 πρὸς
401 2413 438 2484 δὲ
465 2416 748 2503 μεσονρανὲοντες
771 2409 856 2501 ὁμού
882 2419 965 2483 Φαί
968 2442 989 2482 ν
999 2443 1056 2484 ων
1082 2415 1199 2484 τεκαὶ

803 2513 923 2604 ”Aous

252 2622 378 2705 κλῆρον
393 2611 414 2705 ἢ
430 2614 493 2687 ούκ
507 2614 668 2687 ύπασσαν
681 2612 703 2707 ἢ
716 2608 761 2687 αὖ
775 2616 889 2698 δόντες
903 2616 932 2707 γ’
946 2616 1159 2708 ύπύμερσαν·

254 2716 299 2799 δός
313 2719 350 2789 δὲ
364 2722 421 2789 καί
438 2726 470 2790 εί
481 2720 558 2791 τόδε
573 2713 713 2810 κέντρον
727 2718 791 2791 ύπδ
806 2727 954 2810 πλενρῆς
966 2719 1180 2811 τετραγώνου

252 2817 274 2910 ἢ
288 2821 459 2912 διάμετροι
477 2819 594 2918 ὁρῷεν,
608 2821 707 2912 ἄφνω
722 2820 954 2913 ύπενόσφισαν
965 2821 1079 2913 όλβον.

291 2927 328 2995 ἐν
341 2933 441 3019 πενίη
453 2927 490 2997 δὲ
503 2932 641 3016 μοχεύσι
655 2929 711 2995 καὶ
725 2924 835 3008 όσσοις
848 2931 961 3015 φῶτα
975 2933 996 2997 δ
1001 2923 1036 2995 ύ’
1057 2923 1152 3015 ὥρην

188 3042 242 3098 666
254 3025 299 3118 μὴ
313 3029 448 3118 λεύσση,
469 3030 608 3120 πύμπαν
623 3032 663 3100 δέ
672 3026 706 3097 τ’
721 3026 935 3116 ἆπύσιροφον
948 3028 1045 3118 οἷμον
1057 3025 1174 3118 δδεύη.

293 3136 324 3200 εί
338 3130 372 3201 δ’
385 3128 450 3218 ύρα
465 3133 506 3222 δὴ
519 3140 561 3203 Μ
565 3132 671 3223 ήνην
681 3129 885 3204 δεκατεύωσ’
899 3130 1035 3222 ἄστε’ρες
1046 3129 1150 3221 ἄμφω

242 3229 388 3322 Ἄρεος
413 3232 474 3325 ἡδὲ
501 3236 709 3326 Κρόνοιο,
734 3234 836 3317 Διός
864 3236 904 3305 δέ
929 3232 963 3305 τ’
990 3233 1199 3326 ἆπόστροφος

342 3395 344 3400 .
808 3335 913 3428 ύστηρ

253 3447 316 3526 είη,
330 3437 454 3528 ὀιζυροὶ
467 3441 523 3510 καὶ
537 3437 721 3529 ύχρήμονες
734 3442 940 3528 ἐξεγένοντο·
1069 3501 1074 3509 .

252 3542 346 3628 ἔξοχα
368 3540 402 3612 δ’
424 3548 455 3614 εἰ
473 3545 529 3613 καὶ
549 3549 634 3626 ζῶον
657 3545 861 3614 ίπαντέλλου
879 3541 1082 3632 μετόπισθεν
