2467 3942
426 170 722 230 ΑΠΟΕΠΑΕΜΑΤΙΑ.
1012 173 1054 239 89

12 388 14 393 -
163 344 244 410 138.
274 343 335 409 Ilii
361 339 453 420 άξιός
482 343 553 408 ἐστι
580 345 753 425 μισεῖσθαι
775 343 817 425 τῇ
838 340 950 405 πόλει·
982 340 1104 425 Ημ-ια

12 462 14 467 ·
65 431 202 516 perides
226 430 265 496 ἐν
286 435 332 513 τῷ
352 429 432 494 κατὰ
453 428 661 494 Παςικλέους.
697 423 801 490 Prisc.
819 425 939 491 XVIII
955 450 983 493 c.
999 428 1053 494 24.

164 531 243 597 139.
267 530 390 599 ἔνδεια.
421 530 495 596 Ὑπ.
523 530 627 615 ἐντῷ
649 529 728 594 κατὰ
749 528 841 594 Πας.·
865 525 927 593 ἐάν
949 527 990 593 δέ
1003 548 1104 606 τιςιον

72 618 197 682 ἔνδεια
219 616 370 699 γένηται,
393 616 496 695 ἤγουν
519 614 576 680 ἐὰν
600 614 637 680 δέ
659 635 706 680 τις
729 613 861 698 ἐνδεήςῃ
877 618 938 681 τοῦ
952 623 1053 694 προϋ-

70 703 270 785 πάρχοντος
292 701 456 781 ἀργυρίου.
492 697 656 785 Ηννρουτ.

121 871 257 936 XLIV.
293 870 402 937 ΠΡΟ(
423 869 615 936 ΠΑΕΙΚΛΕΑ
637 869 725 935 ΠΕΡΙ
748 868 1006 935 ΑΝΤΙΔΟΕΕΩΕ.
1051 883 1099 927 xn

11 1063 12 1082 2
167 1006 244 1071 140.
278 1001 348 1090 Τὴν
379 1005 492 1070 οἰκίαν
526 1001 589 1090 τὴν
621 1002 772 1089 μεγάλην
804 1000 868 1087 τὴν
899 1005 1106 1087 Χαβρίουῑιου

11 1123 13 1140 .
76 1090 301 1175 καλουμένην
322 1091 379 1155 καί
402 1086 440 1154 τὸ
463 1087 631 1174 ἄμφοδον.
668 1088 752 1155 Ρολί.
774 1088 839 1173 IX,
862 1089 913 1155 36.

11 1207 13 1216 ἱ
142 1259 254 1326 XLV.
293 1260 392 1327 ΚΑΤΑ
413 1259 706 1326 ΠΑΤΡΟΚΛΕΟΥ(
726 1257 990 1326 ΠΡΟΑΓΩΓΕΙΑ(
1051 1274 1109 1318 xm

10 1373 13 1398 ἶ
491 1377 515 1432 ελ
532 1378 654 1444 γνήςιος.

11 1545 13 1584 5
171 1498 245 1561 141.
267 1498 338 1563 Ὑπ.
361 1497 391 1562 δ’
412 1497 448 1564 ἐν
470 1502 517 1580 τῷ
532 1495 613 1563 κατὰ
627 1497 739 1579 Πατρ,
762 1497 791 1564 εἰ
806 1498 935 1577 γνήςιος
958 1496 977 1564 ὁ
1000 1496 1055 1562 λό-
1067 1512 1123 1557 164·

11 1595 13 1654 ’τ
78 1604 157 1667 γος,
187 1582 265 1649 τοὺς
291 1582 520 1661 Ἀρεοπαγίτας
554 1582 651 1663 φηςὶν
680 1581 890 1662 ἀριςτήςαντά
915 1603 988 1649 τινα
1021 1582 1057 1649 ἐν

11 1729 12 1734 ,
78 1668 249 1752 καπηλείῳ
276 1670 416 1734 κωλῦςαι
444 1666 568 1734 ἀνιέναι
595 1667 641 1732 εἰς
666 1667 794 1748 Ἄρειον
822 1668 939 1745 πάγον.
976 1666 1056 1732 Ath.

79 1751 172 1818 XIII
221 1751 314 1817 .566
335 1751 375 1817 F.

172 1774 245 1903 152.
275 1836 320 1902 Οἱ
345 1836 382 1902 δὲ
419 1834 518 1902 ἐννέα
552 1832 714 1918 άρχοντες
743 1835 917 1901 εἱστιῶντο
946 1834 984 1902 ἐν
1014 1839 1055 1918 τῇ
1069 1851 1107 1896 lsi

81 1925 180 2007 στοᾷ,
204 1920 497 2071 περιφὸαξάμενοί
515 1944 545 1986 τι
568 1918 670 2003 μέρος
692 1917 797 2005 αὐτῆς
812 1917 946 2007 αὐλαίᾳ.
970 1901 1054 1985 Poli.

80 2004 142 2086 IV,
170 2005 232 2069 122
255 2015 288 2071 et
338 2027 446 2071 osmas
468 2003 630 2089 Indieopl.
653 2014 782 2092 topogr.
805 2006 918 2071 christ.
940 2028 974 2091 p.
995 2006 1056 2071 197
1096 2015 1098 2019 ’

79 2090 139 2175 E.;
164 2091 208 2154 ef.
232 2091 271 2154 B.
295 2090 336 2153 A.
359 2090 432 2170 463,
456 2089 497 2154 14
518 2098 551 2154 et
572 2089 625 2172 83,
649 2091 685 2173 73
708 2091 801 2156 Suid.
825 2113 852 2154 s.
875 2112 907 2155 ν.
931 2089 1055 2156 αὐλαία.

171 2174 243 2239 143.
267 2176 393 2242 Τοίπον
415 2177 452 2240 δὲ
474 2173 534 2259 (se.
548 2174 714 2258 vitricum)
737 2175 808 2240 Ὑπ.
829 2175 1057 2255 Πατροκλέους
1070 2193 1108 2235 ιιι

11 2335 12 2338 γ
81 2260 368 2409 ῧιέιὲρῖοαγωγείᾳ
389 2265 578 2341 κατηγορῶν
607 2251 773 2343 μητρυιάν
796 2260 936 2340 κέκληκε.
975 2258 1055 2324 Ροίλ.

139 2391 149 2424 ,
218 2390 226 2408 .

170 2428 245 2492 144.
267 2427 440 2493 Νάννιον·
469 2429 541 2494 Ὑπ.
568 2429 605 2494 ἐν
627 2435 673 2513 τῷ
695 2429 776 2495 κατὰ
796 2429 909 2509 Πατρ,
931 2429 960 2495 εἰ
980 2430 1056 2509 γνή-
1071 2447 1108 2490 ια

82 2535 160 2581 ςιος.
199 2510 380 2599 Harpoer.;
403 2512 446 2578 cf.
468 2513 549 2580 Ath.
571 2512 661 2578 XIII
683 2534 717 2598 ρ.
739 2513 800 2579 587
825 2514 868 2578 Α.

170 2597 244 2663 145.
267 2597 400 2682 Νεμέας
421 2597 614 2678 αὐλητρίδος
640 2598 833 2679 μνημονεύει
855 2599 927 2664 Ὑπ.
950 2599 986 2664 ἐν
1008 2604 1054 2683 τῷ
1069 2616 1107 2657 ιον

82 2684 163 2749 κατὰ
191 2683 310 2767 Πατρ.,
344 2682 371 2749 εἰ
397 2684 536 2763 γνήςιος.
579 2680 740 2769 Harpocr.
771 2682 861 2747 Suid.
890 2675 986 2747 Phot.
1015 2719 1057 2730 -

82 2769 136 2833 καὶ
156 2767 335 2850 Νεμεάδος
356 2770 392 2834 δέ
420 2771 477 2847 τῆς
499 2767 692 2848 αὐλητρίδος
710 2768 782 2833 Ὑπ.
805 2767 996 2848 μνημονεύει
1019 2768 1055 2834 ἐν

11 2889 13 2947 3
81 2860 128 2936 τῷ
150 2852 233 2918 κατὰ
253 2853 490 2933 Πατροκλέους.
529 2850 608 2916 Ath.
632 2849 724 2917 XIII
744 2874 778 2939 p.
799 2851 861 2919 587
886 2852 924 2918 O.

11 3145 12 3150 ,
83 3092 134 3145 138
160 3088 239 3143 ἄξιός
267 3087 336 3156 ἑςτι]
361 3088 431 3143 ἄξιοι
457 3106 565 3142 monac.
588 3095 618 3141 et
645 3091 729 3157 peris.
753 3089 895 3146 Presselii.
925 3116 960 3128 —
987 3092 1056 3143 Post

81 3157 339 3212 Παςικλ.1αςιιααο
359 3159 440 3224 signs
458 3158 527 3210 addi
543 3158 626 3209 iussit
645 3158 706 3223 Sp,
726 3158 835 3209 addidit
853 3158 893 3220 8.,
913 3164 1054 3224 tamquam

83 3229 146 3294 ipse
163 3227 252 3281 verbs
270 3226 389 3278 oratoris
406 3226 625 3277 intercidissent.
640 3253 674 3262 -
691 3228 740 3276 142
759 3224 932 3290 είςθιώοντο,
951 3225 1055 3290 φραξά-

84 3309 173 3360 μενοι,
186 3292 222 3345 τὸ
236 3293 320 3359 μέρος
333 3292 457 3346 Gosmas.
474 3319 508 3331 -
527 3296 576 3344 144
594 3292 709 3344 νάνινον
721 3294 752 3345 Β.
787 3291 883 3346 λυςίας
899 3318 934 3330 -
951 3305 1055 3354 πατρο·

84 3361 151 3415 κλέα
170 3361 203 3412 C.
225 3389 260 3400 -
286 3364 336 3414 145
353 3360 433 3427 Apud
450 3362 539 3427 Hsrp,
566 3359 710 3424 Νεμεάδος
727 3360 928 3413 restituendum
946 3372 1008 3408 esse
1027 3361 1056 3408 et

84 3431 226 3483 Athenaei
242 3430 322 3482 loeus
340 3429 424 3480 docet
441 3434 470 3480 et
489 3443 560 3492 quae
579 3429 655 3494 apud
673 3430 764 3494 ipsum
782 3431 947 3492 sequuntur:
973 3450 1005 3460 -
1023 3449 1057 3459 -

85 3497 177 3562 ὄνομα
194 3494 405 3563 πεντετηρίδος.
423 3523 455 3533 —-
475 3493 552 3561 Ὑπ.]
572 3495 747 3562 δημοςθένης
766 3495 796 3545 O.
