2467 3942
161 264 291 313 ancum.
309 264 515 313 carmenum
531 265 708 313 anavrrna
723 265 845 314 Dasea.
893 255 1021 316 XXXV

68 424 217 498 mostheni,
240 425 294 504 qni
308 426 423 505 primus
438 426 470 484 in
487 424 634 485 iudicium
647 427 743 499 venit,
767 426 862 486 multa
875 426 902 487 L
922 426 1019 486 talen-

14 504 16 537 *
67 517 124 570 tum
137 509 217 570 dicta
231 518 289 584 est,
313 530 405 589 quarn
419 531 487 571 cum
501 510 622 571 solvere
641 532 705 572 non
727 520 832 590 posset
847 513 879 570 in
895 512 1021 572 exilium

14 664 15 671 ,
67 595 141 656 abiit.
174 594 460 670 Acteresol.114,
480 597 506 669 1,
529 616 558 655 a.
583 596 645 656 224
669 617 696 657 a.
721 595 794 656 chr.
817 606 949 658 exeunte
970 598 1020 658 vel

67 681 119 740 223
138 682 277 746 ineunte.

14 838 15 841 Ἴ
141 764 194 827 Or.
209 766 254 825 II.
279 765 468 847 Lycophron
480 765 593 826 nobilis
604 766 816 840 Atheniensis,
833 787 902 827 enm
911 767 1021 828 Lemni

65 852 229 930 praefectus
251 852 388 930 equitum
409 853 534 912 tertium
555 853 616 912 iam
637 873 753 913 annum
774 861 1019 926 commoraretur,

65 932 231 1018 εἰιαγγελίᾳ
254 938 368 1016 petitus
391 946 438 997 est
465 936 549 1016 qnod
577 937 725 1000 feminam
746 939 856 1011 civem,
886 958 1022 999 sororem

14 1040 16 1085 t
64 1021 202 1102 Dioxippi
236 1022 350 1095 nobilis
384 1021 535 1095 athletae,
569 1031 675 1103 stupro
703 1023 874 1102 polluisset.
917 1023 1020 1083 Exsti-

14 1144 16 1161 ἶ
64 1115 158 1168 terunt
183 1107 320 1188 Lycurgi
348 1107 429 1168 duae
461 1118 568 1169 contra
600 1108 838 1188 Lycophronem
866 1111 1021 1170 orationes

14 1244 16 1269 ,
64 1191 114 1252 hae
133 1194 201 1273 ipsa
222 1192 255 1252 in
278 1212 371 1253 cansa
397 1192 537 1270 habitae,
567 1195 621 1272 qni
647 1203 751 1254 tamen
779 1194 864 1273 apud
884 1194 1020 1275 Hyperi·

14 1274 15 1291 i
65 1277 125 1338 dem
145 1273 165 1339 ὁ
186 1275 369 1353 κατήγοροι
391 1277 515 1352 dicitur,
540 1280 565 1338 is
587 1278 663 1338 mihi
684 1300 748 1339 non
769 1280 931 1360 Lycurgus
954 1299 1021 1340 esse

62 1363 182 1437 ridetur,
206 1363 264 1425 scd
286 1362 400 1437 Aristo,
423 1365 473 1423 cui
488 1363 650 1444 Lycurgus
666 1365 833 1425 advocatus
856 1375 887 1425 et
905 1367 938 1424 in
954 1386 1017 1425 ora·

62 1448 137 1509 tione
158 1457 189 1509 et
211 1450 244 1509 in
268 1449 382 1510 iudicio
404 1449 536 1511 affuerit.
579 1449 711 1511 Femina
737 1450 791 1510 illa
804 1450 878 1528 'civi
900 1450 1022 1511 cuidam

62 1532 236 1595 Atheniensi
257 1544 357 1614 nupta
371 1535 480 1607 fuerat,
505 1536 558 1614 qui
572 1537 705 1596 moriens
720 1556 848 1595 uxorem
862 1535 1021 1615 gravidam

63 1627 90 1677 et
112 1627 328 1681 testamentum
356 1618 516 1698 reliquisse
548 1619 686 1694 videtur,
721 1623 755 1681 in
784 1641 860 1700 quo,
889 1622 916 1681 si
944 1621 1020 1700 quid

64 1713 191 1781 postumo
214 1705 266 1766 vel
287 1707 320 1764 in
343 1705 501 1766 nascendo
524 1705 575 1765 vel
589 1716 698 1785 postea
713 1706 883 1780 accidisset,
908 1726 1019 1785 eogna-
1046 1718 1064 1733 ··

62 1795 150 1849 tomm
170 1790 297 1869 quidam
318 1790 449 1852 heredes
472 1792 579 1871 scripti
601 1800 701 1852 erant.
743 1792 841 1852 Istum
861 1793 924 1852 iam
945 1811 1019 1871 pue·

65 1892 122 1934 rum
142 1885 336 1938 accusatores
364 1876 472 1955 illique
500 1878 559 1956 ipsi
586 1878 726 1955 cognati,
756 1879 817 1937 nisi
838 1878 942 1938 omnia
962 1877 1019 1937 fal-

60 1957 126 2033 lunt,
148 1960 357 2041 Lycophrone
378 1981 487 2022 revera
502 1963 641 2040 genitum
657 1982 723 2023 esse
739 1963 902 2037 affirmant,
925 1962 1021 2043 idque

62 2053 143 2124 caput
164 2046 370 2107 accusationis
393 2046 462 2107 fnit.
498 2047 611 2107 Mulier
626 2046 783 2127 Oharippo
805 2048 942 2108 seeundo
957 2070 1020 2110 ma·

61 2129 110 2189 rito
130 2133 243 2211 nupsit,
268 2133 322 2211 qui
337 2153 406 2192 cum
422 2132 548 2193 duceret
563 2153 640 2207 eam,
665 2133 902 2213 Lycophronem
918 2153 1020 2194 coram

60 2212 143 2276 fratre
164 2218 335 2296 maritoque
359 2219 391 2277 in
414 2219 465 2278 ria
486 2218 527 2279 ad
550 2238 617 2279 eam
640 2218 804 2278 accessisse
820 2227 851 2280 et
872 2228 907 2277 ut
926 2218 1020 2279 fidem

60 2302 226 2376 promissam
253 2301 312 2363 sibi
346 2312 484 2364 servaret
517 2303 674 2365 hortatum
701 2323 768 2364 esse
797 2302 959 2385 Lycurgus
985 2305 1018 2364 in

61 2388 190 2449 contione
213 2387 334 2467 pridem
357 2399 509 2468 arguerat.
553 2389 748 2468 Euphemns,
779 2391 864 2450 cuius
886 2389 1020 2451 subinde

59 2471 160 2533 mentio
182 2473 234 2545 fit,
264 2469 375 2550 reciptet
402 2473 453 2534 vel
479 2475 572 2534 etiam
594 2484 683 2553 pater
703 2474 840 2535 mulieris
862 2476 1018 2554 putandus

59 2563 108 2615 est.
135 2588 172 2601 -
203 2555 298 2636 Quod
326 2559 367 2619 ad
394 2567 514 2638 tempus
543 2562 668 2634 attinet,
700 2559 884 2622 Schaeferus
911 2561 1018 2641 paullo
1101 2593 1103 2597 <

59 2649 124 2701 ante
143 2643 183 2703 ol.
210 2646 280 2716 107,
304 2644 324 2701 4
346 2644 428 2703 hanc
451 2664 574 2705 causam
596 2654 696 2706 actam
719 2665 787 2706 esse
808 2647 925 2719 statuit,
949 2666 1017 2725 pro·

58 2733 118 2802 pter
137 2730 355 2809 populationes
377 2729 524 2810 Philippi,
549 2732 602 2810 qui
625 2731 665 2791 ol.
689 2733 749 2792 106
771 2731 923 2792 Lemnum
944 2752 1017 2811 quo·

56 2828 110 2888 que
130 2813 262 2875 navibus
285 2814 411 2875 adortus
434 2823 510 2887 erat,
533 2816 771 2895 Lycophronem
799 2817 873 2877 illuc
894 2818 1018 2879 missum

57 2913 117 2956 esse
137 2907 263 2978 putans,
294 2899 495 2981 Theonisque
523 2900 654 2963 rhetoris
675 2901 789 2974 losum,
819 2903 873 2981 qui
895 2923 934 2963 ex
955 2903 1017 2984 Ly·

57 2984 134 3060 curgi
154 2983 211 3058 τῆς
234 2979 357 3060 ὕβρεως
381 2981 491 3058 λόγοι(
517 2986 761 3047 Demosthenem
788 2988 821 3046 in
847 2988 1019 3051 Midianam

15 3062 17 3123 ἶ
58 3082 135 3125 snam
157 3069 262 3148 aliqua
283 3070 477 3131 transtulisse
501 3071 588 3144 dicit,
620 3071 662 3131 ad
682 3072 739 3133 has
763 3073 917 3135 orationes
939 3075 1017 3136 refe·

15 3180 16 3185 κ
58 3168 130 3212 reno.
180 3154 243 3215 Sed
270 3164 434 3235 utrumque
463 3168 677 3236 argumentum
705 3159 830 3218 minime
863 3159 902 3219 ab
919 3205 920 3208 η
936 3162 1018 3222 omni

15 3242 17 3251 '
58 3245 135 3311 parte
155 3239 274 3301 firmum
296 3248 353 3301 est.

133 3321 186 3384 Or.
208 3323 309 3405 ΙΠ.*)
354 3326 429 3387 Post
451 3346 588 3406 pugnam
604 3327 856 3390 Chaeronensem
872 3328 976 3410 Oropo
999 3351 1018 3387 a

93 3422 247 3437 Q*

70 3519 76 3530 ⁴
116 3455 141 3519 *l
158 3459 200 3511 De
217 3458 300 3510 huius
317 3460 453 3512 orationis
471 3467 632 3527 argumento
645 3478 722 3514 nemu
741 3461 903 3526 diligentins
922 3460 1015 3537 cepio:

57 3526 295 3649 drldldtsllmit
318 3542 401 3593 quam
422 3527 606 3596 Comparetti,
623 3532 652 3581 in
674 3529 874 3587 dissertatione
898 3525 1015 3577 editioni

824 3690 860 3754 σύ
