2467 3942
166 185 208 250 30
354 180 559 238 ΥΠΕΡΕΙΔΟΥ
576 181 672 238 ΥΠΕΡ
690 182 943 238 ΛΥΚΟΦΡΟΝΟΕ.

129 378 154 418 10
166 375 219 422 νοι
242 353 302 419 δύο
324 354 435 419 πόλεις
456 358 524 418 τῶν

166 438 331 520 ὑμετέρων
353 437 471 504 αὐτῶν.

165 561 208 572 -
230 524 311 590 Ὅτοι
333 526 391 603 μὲν
414 522 475 588 οὖν
498 521 562 601 ἐγὼ

166 607 268 691 εἶχον,
291 608 319 673 ὦ
339 607 456 690 ἄνδρες
477 611 523 672 δι-

165 695 283 775 καςταὶ,
305 691 388 772 ὑπὲρ
411 693 505 771 ἐμαυ-

128 799 153 841 15
166 784 224 846 τοῦ
247 779 359 863 εἰπεῖν,
381 778 495 856 ςχεδδν

165 862 335 944 ἀκηκόατε·
361 862 496 945 ἐπ[ει]δὴ

652 357 802 434 βοηθῆςαι
825 391 864 399 -
886 354 1003 438 πολίτῃ

651 440 709 519 μὲν
731 439 802 504 ὄντι
825 439 977 522 ὑμετέρῳ,

648 559 691 570 -
713 524 822 608 ἰδιώτῃ
844 525 881 589 δὲ
903 525 955 588 καὶ
978 522 1039 588 οὐκ
1061 523 1108 589 εἰ-

650 608 748 674 ωθότι
771 610 887 694 λέγειν,
911 645 950 654 -
974 608 1062 686 ἀγω-

651 694 809 776 νιζομένῳ
832 696 869 759 δὲ
891 693 942 759 καὶ
1147 713 1174 752 10

591 836 594 841 .
650 780 870 845 κινδυνεύοντι
894 778 935 843 οὐ

650 865 753 942 μόνον
775 864 849 943 περὶ
870 864 1025 942 θανάτου,

166 951 203 1014 δὲ
225 948 244 1013 ὁ
267 946 475 1029 κατήγορ[ο]ς
497 945 557 1013 οὐκ
580 946 616 1012 ἀ·
651 947 818 1028 ἐλάχιςτον
840 949 902 1028 γὰρ
924 948 1023 1015 τοῦτό

165 1032 284 1112 πείρως
307 1032 392 1111 ἔχων
414 1034 474 1096 τοῦ

166 1118 284 1197 λέγειν,
306 1152 350 1164 -
371 1116 493 1182 εἰωθὼς
515 1116 552 1181 δὲ

126 1226 153 1268 20
165 1203 322 1267 πολλάκις
343 1201 494 1278 ἀγωνίζε-

166 1292 234 1353 ςθαι
255 1287 361 1352 ἐκάλει
387 1286 520 1366 ςυνηγό-

166 1392 244 1453 ρους
265 1373 343 1437 τοὺς
363 1371 558 1452 ςυναπολλλ-

165 1456 304 1522 λοῦντάς
326 1475 398 1522 τινα
419 1460 486 1522 τῶν
507 1476 568 1522 πο-

167 1546 264 1607 λιτῶν
287 1539 415 1625 ἀδίκως,
437 1541 508 1606 δέο-

40 1632 41 1635 ’
127 1651 152 1692 25
165 1647 219 1707 μαι
241 1627 332 1707 ὑμῶν
353 1627 406 1691 καὶ
426 1625 491 1702 ἐγὼ

165 1712 217 1777 καὶ
238 1710 399 1792 ἀντιβολῶ
421 1731 471 1777 κε-

166 1800 273 1863 λεῦεαι
294 1796 373 1876 κάμὲ
394 1794 524 1861 καλέται

165 1883 244 1947 τοὺς
266 1885 478 1960 ςυνεροῦντας
500 1878 507 1964 Ι

100 1988 154 2031 κνι
167 1965 238 2047 ἐμοὶ
261 1966 342 2046 ὑπὲρ
364 1965 509 2045 τηλικού-

650 1032 732 1099 ἐττιν
753 1036 823 1099 τοῖς
845 1033 952 1113 ὀρθῶς
973 1036 1029 1098 λο-

649 1118 845 1201 γιζομένοις,
867 1118 940 1184 ἀλλ’
961 1116 996 1180 ιλ-
1145 1136 1174 1177 15

649 1204 711 1283 πὲρ
733 1207 792 1267 τοῦ
815 1203 1012 1283 ἐξοριςθῆναι

650 1288 702 1352 καλ
723 1287 933 1354 ἀποθανόντα

649 1374 728 1453 μηδὲ
750 1371 792 1438 ἐν.
809 1378 847 1456 τῇ
870 1372 981 1453 πατρί·

650 1461 681 1522 δι
703 1461 856 1537 ταφῆναι.
878 1493 921 1503 —-
943 1456 1002 1522 ἐὰν
1024 1455 1089 1523 οὖν

649 1541 810 1621 κελεύητε,
834 1541 861 1605 ὦ
884 1540 1002 1620 ἄνδρες
1144 1561 1174 1602 se

649 1628 805 1709 δικαςταὶ,
827 1630 916 1693 καλῶ
936 1646 1008 1692 τινα

650 1712 859 1791 βοηθήεοντα.
892 1709 970 1778 ἀνά-

652 1796 722 1878 βηθί
744 1816 814 1880 μοι,
838 1797 990 1878 Θεόφιλε,

650 1882 702 1946 καὶ
724 1881 852 1947 τύνειπε
875 1881 894 1946 ὅ
916 1902 945 1945 τι
968 1881 1065 1961 ἔχεις·

650 1965 835 2032 κελεύουςιν
857 1965 889 2030 οἱ
911 1972 996 2032 δικα·
1145 1984 1177 2024 2⁵

165 2073 224 2117 του
247 2050 433 2130 ἀγῶνος-
455 2050 506 2116 καὶ
526 2049 623 2116 ἀκοῦ-
651 2051 726 2116 ςταί.

166 2159 215 2202 ται
237 2136 404 2221 εὐνοϊκῶς,
426 2134 456 2200 εἴ
476 2134 523 2201 τίς

166 2243 219 2301 μοι
241 2221 307 2302 ἔχει
328 2224 395 2287 τῶν
418 2220 510 2286 οἰκεί-

140 2328 213 2374 των
235 2307 255 2385 ἢ
277 2312 344 2373 τῶν
366 2305 474 2386 φίλων

757 2219 932 2297 Ἀπολογία
953 2219 1044 2299 ὑπὲρ

769 2305 994 2386 Λυκόφρονος.
1010 2302 1017 2388 Ι

165 2528 198 2577 22
216 2523 457 2592 ςαναπολίλαντος
474 2524 498 2575 Α
517 2539 571 2592 ρας
592 2530 765 2578 correctore
783 2525 943 2592 adscripsit.
963 2554 996 2563 -
1013 2528 1048 2578 25
1066 2540 1147 2592 εγωτ

164 2595 198 2645 Α.
216 2622 249 2632 -
267 2595 300 2646 26
319 2593 471 2657 αντιβολωι
488 2592 521 2644 Α.

234 2680 293 2731 Col.
312 2679 385 2731 XVI.
426 2680 518 2742 4μου
536 2677 561 2728 A
577 2694 620 2744 pr.
647 2701 681 2714 -
709 2680 741 2730 10
763 2675 974 2744 αγωίνιζομενω
992 2679 1025 2731 A.
1045 2706 1082 2716 -
1109 2684 1153 2733 12

166 2761 286 2812 μονπερι
303 2748 327 2797 Α
344 2762 386 2813 pr.
407 2772 439 2783 -
462 2749 496 2798 25
513 2744 586 2797 Ante
603 2745 678 2797 hune
695 2748 901 2813 proximumque
919 2762 1031 2799 versum
1051 2752 1147 2815 atque

165 2816 250 2867 etiem
272 2814 347 2866 inira
369 2813 473 2866 multae
496 2814 590 2866 lineae
614 2814 744 2879 obliquae
767 2814 862 2881 pietas
886 2819 960 2866 sunt.
982 2841 1016 2853 -
1041 2818 1075 2868 27
1098 2834 1147 2884 sq.

165 2883 255 2949 Supra
273 2880 351 2933 tituli
372 2888 518 2948 utrumque
540 2897 651 2934 versum
675 2882 781 2948 aliquot
803 2884 896 2934 lineae
914 2884 1145 2950 conspiciuntur,

165 2966 235 3016 quas
252 2955 385 3002 accentus
403 2955 485 3002 notes
502 2951 706 3017 interpreteris,
725 2951 780 3001 nisi
798 2950 970 3017 quodetiam
988 2957 1054 3017 post
1072 2952 1151 3005 ulti·

163 3035 236 3070 mam
254 3018 390 3085 syllabam
408 3023 437 3070 et
455 3019 530 3070 infre
547 3017 673 3084 Λυκοφρ.
691 3018 805 3070 additae
823 3023 898 3070 sunt.
