2467 3942
446 204 656 254 ιιιιιιιιιο.
988 194 1039 256 XI

6 330 219 435 lllhristum
246 363 441 425 saeculorum
465 365 674 424 monumentis
701 366 765 425 iota
791 364 845 424 lon
889 385 920 423 m
949 372 981 425 et
1009 379 1037 426 ει

6 450 292 535 diphthongum
314 468 438 530 prorsus
457 448 622 522 confundi,
646 467 749 528 neque
764 447 847 510 πολε
858 463 914 525 τηε
936 449 1037 509 solum

6 572 8 605 ι
61 545 95 596 ιι
107 534 227 608 νεικᾶν,
244 535 302 595 sed
317 535 410 594 etiam
423 529 467 609 ἰμι
481 533 623 614 adeoque
638 528 763 596 {creis
754 553 788 593 m
809 535 946 613 privatis
953 544 1036 595 certe

6 621 230 699 Aegyptiis
242 618 358 679 libellis
373 638 524 699 persaepe
539 628 671 693 exstare,
696 617 730 679 id
750 618 835 698 quod
850 621 904 679 ιι
895 638 996 698 ipsum
1019 638 1036 679 e

6 740 8 767 ι
61 703 289 805 pronuntiandi
310 705 430 764 ratione
452 704 666 784 repetendum,
692 718 815 783 quaest
830 702 1034 783 diphthongo

6 848 8 855 s
61 791 124 851 nisr
114 788 190 849 ubi
200 790 315 849 vocalis
332 788 556 868 insequebatur
569 786 655 865 (nam
666 784 881 864 Ἀλεξάνδρηα
893 796 925 849 ιι
936 783 1036 863 (epu

61 873 161 948 πιῆον
182 872 333 952 scribunt)
357 875 422 933 icta
441 874 587 953 simplicis
608 874 724 933 vocalis
741 893 852 934 sonum
872 872 1034 933 tribuerat.

6 946 11 1085 ἱ
63 958 167 1020 Huius
182 961 304 1038 generis
325 958 359 1018 in
367 957 548 1104 ἐΗγιιιιιιιιι
569 957 649 1017 libro
665 959 862 1037 reperiuntur
876 952 1035 1033 προδιδά-

61 1056 175 1123 νιιται,
188 1038 352 1123 μιρακιιιν,
367 1038 601 1122 ἐκλελιμμέναι,
617 1037 755 1121 μεικράι,
773 1040 930 1120 βέλτειον,
945 1037 1035 1119 ἀφει

6 1125 122 1204 γμέ
123 1145 193 1208 ναι,
215 1129 336 1208 aliaque
352 1128 493 1208 exempla
508 1129 629 1193 circiter
648 1129 768 1207 viginti.
806 1127 929 1206 Quod
920 1148 954 1187 m
969 1128 1036 1187 istis
1122 1176 1125 1181 .

60 1213 177 1274 libellis
200 1216 328 1275 etiams
351 1220 382 1274 et
402 1230 433 1292 η,
456 1229 475 1275 0
499 1221 530 1274 et
552 1230 590 1292 ιιι,
612 1232 681 1272 raro
707 1227 885 1292 quoquest
909 1221 981 1274 ιιυ
1004 1220 1035 1272 ιι

6 1288 8 1371 l
62 1299 241 1398 saepissime
262 1315 294 1360 αι
310 1307 341 1359 ιι
356 1314 373 1359 ε
387 1297 631 1372 confunduntur,
656 1317 761 1358 earum
781 1316 883 1357 rernm
903 1317 967 1357 non
983 1316 1035 1356 ex-

6 1406 8 1455 3
64 1392 149 1443 stant
162 1382 223 1442 nisi
236 1403 393 1463 perpauca
403 1384 543 1463 vestigia,
559 1402 586 1443 ιι
577 1382 724 1461 quidem
737 1383 890 1462 scriptura
904 1396 1034 1443 ακουειν

6 1468 8 1543 ξ
64 1465 205 1529 κειευειν
232 1488 287 1548 pro
315 1464 446 1530 ἀκουειν
480 1465 533 1528 καὶ
558 1465 702 1529 κελεύειν
733 1467 809 1527 inde
828 1466 1034 1546 explicanda,

6 1572 8 1617 ι
64 1553 149 1632 quod
167 1553 308 1612 librarius
327 1553 469 1613 voculam
483 1554 574 1613 istam
588 1548 626 1614 κέ
640 1550 872 1632 pronuntiabat.
902 1551 1036 1613 Videtur

6 1640 8 1681 Ὺ
63 1637 154 1697 hoe'
144 1657 203 1697 ram
224 1646 297 1711 tum,
320 1639 354 1697 in
369 1636 516 1741 Aegypto
539 1645 632 1710 certe,
655 1638 748 1698 moris
763 1637 874 1711 fuisse,
898 1635 1034 1736 plebem

65 1742 125 1801 qne
140 1729 171 1783 et
172 1724 231 1782 iam
245 1717 357 1793 ἀνύγω
361 1742 428 1823 ’prs
443 1719 567 1795 ἀνοίγω
584 1722 687 1783 dicere
700 1723 849 1802 coepisse,
866 1730 897 1781 et
911 1722 1034 1800 quanti·

63 1808 137 1866 tatis
158 1807 308 1867 vocalium
329 1809 479 1868 minorem
493 1809 646 1868 rationem
665 1808 826 1882 habuisse,
850 1814 986 1868 ceterum
1001 1805 1035 1864 id

65 1906 188 1952 monere
215 1913 279 1952 non
307 1908 384 1974 opus·
412 1901 473 1966 est,
511 1889 535 1954 Η
564 1893 699 1953 litteram
727 1893 898 1973 genuinum
924 1910 1034 1952 sonum

6 2016 8 2023 =
67 1977 118 2037 diu
140 1974 230 2037 etiam
251 1985 322 2057 post
346 1976 501 2037 Christum
522 1978 699 2040 retinuisse.

146 2062 196 2122 De
210 2061 381 2143 Hyperidis
397 2061 503 2123 codice
524 2063 583 2122 hoc
598 2081 722 2142 quoque
738 2081 802 2123 non
818 2060 1032 2138 omittendum,

66 2156 217 2208 extremae
242 2148 365 2208 litterae
393 2148 658 2226 praepositionum
686 2142 723 2208 ἐν
751 2154 782 2206 ιι
807 2141 866 2206 (bv
888 2146 922 2203 in
943 2162 1033 2202 voca·

18 2238 22 2245 '
66 2230 143 2291 bulis
169 2233 343 2311 compositis
374 2232 528 2311 legitimas
556 2232 743 2290 mutationes
777 2248 870 2309 saepe
897 2226 1034 2305 neglegi.

6 2334 7 2337 ¹
66 2315 370 2376 Pronuntiabatnr
346 2336 414 2376 srne
431 2316 524 2377 dubio
546 2314 724 2391 (ξυγχωρεῖν
745 2323 776 2375 ιι
784 2308 1034 2392 ειιλλαμβάνειν,

65 2402 169 2473 sieut
160 2421 193 2460 m
208 2400 321 2461 Latina
341 2402 479 2480 lingua,
483 2401 683 2480 ,imperator“
705 2408 758 2474 et,
762 2399 954 2474 ‚·attollere“
977 2395 1034 2457 sed

66 2469 280 2545 inscribendo
303 2486 357 2546 alii
376 2487 642 2569 praepositionem
668 2486 812 2586 sequenti
838 2485 963 2544 litterae
984 2501 1033 2542 ae-

6 2570 8 2573 ’
65 2570 310 2642 commodabant,
335 2570 389 2630 alii
411 2572 579 2650 genuinam
600 2569 731 2629 formam
753 2571 782 2630 ei
803 2567 1033 2646 relinquebant.

64 2653 173 2733 Itaque
193 2654 244 2715 hic
264 2615 421 2728 librarius,
446 2674 632 2736 quamquam
654 2655 818 2734 aliquoties
840 2648 981 2728 ἔγκλημα
1003 2658 1035 2711 ιι

65 2735 227 2819 ιυλλήψει,
249 2740 373 2818 saepius
395 2749 500 2800 tamen
522 2736 669 2800 ἐνκαλεῑν
692 2748 723 2799 ιι
738 2736 988 2813 ιυνκατηγορεῑν
1004 2744 1035 2797 ιι

66 2818 222 2887 eusitius
244 2824 359 2899 scribit,
384 2826 477 2885 etiam
500 2820 773 2901 ιινικευὰζειθαι,
802 2824 837 2883 in
865 2841 926 2902 quo
949 2821 1035 2901 apud

64 2928 128 2982 nos,
152 2910 231 2968 sicut
252 2910 287 2968 in
309 2911 433 2984 ceteris,
463 2909 561 2970 altera
588 2910 666 2968 ratio
693 2909 794 2969 evicit.
839 2905 1035 2967 Contrarium

6 3042 8 3087 i
63 2994 155 3072 plane
177 2993 319 3055 assidit
309 3014 344 3053 ιιι
366 2990 402 3054 ἐκ
423 2995 663 3073 praepositione,
686 3012 780 3071 quam
801 3011 857 3051 nos
880 3006 1035 3070 sempertc

6 3094 8 3099 ’
64 3077 174 3152 ιιιιιιι,
198 3078 255 3139 sed
275 3078 449 3160 Hyperidis
470 3078 615 3138 librarius
637 3077 763 3155 anteb,
786 3075 841 3136 ubi
861 3095 971 3136 revera
985 3094 1034 3134 so·

6 3172 8 3215 4
63 3182 119 3223 nus
147 3158 376 3238 emolliebatur,
405 3183 511 3224 aurem
539 3182 626 3222 suam
652 3171 776 3222 secutus
807 3171 838 3222 et
860 3160 1035 3240 exemplum

64 3248 224 3309 multorum
247 3267 386 3327 eaquae
409 3257 456 3309 est
478 3245 499 3309 Γ
521 3255 699 3308 constanter
717 3246 834 3308 scribit
878 3245 966 3305 Idem
989 3245 1033 3303 fe·

63 3334 151 3394 sisset
165 3342 240 3394 ante
254 3331 279 3394 Β
293 3342 326 3393 ιι
336 3330 385 3411 Μ,
402 3332 545 3406 eredo,
522 3351 548 3392 ιι
561 3333 625 3393 tale
641 3332 826 3392 vocabulum
840 3349 970 3409 usquam
985 3346 1033 3385 oc·

63 3427 212 3495 curreret3
250 3414 470 3496 noctipetae
497 3417 592 3478 semel
620 3419 773 3497 totiesque
801 3407 1033 3488 ἐγλειιιομένην

62 3465 224 3584 reperitul
273 3503 373 3562 Porro
403 3496 431 3565 Ν
457 3497 686 3580 ἐφελκυιτικόν
714 3501 799 3581 quod
826 3499 940 3617 dicitur
961 3502 1034 3553 ante
