2467 3942
192 167 232 215 w
480 148 689 200 ranararrc
707 145 865 199 curares.

191 332 373 403 pervenerunt
392 331 522 384 aetatem,
544 320 572 376 in
587 339 620 377 eo
635 339 777 378 causarum
792 320 955 394 privatarum
976 335 1079 392 genere
1093 335 1149 375 rer·

192 418 295 472 santur,
311 409 384 464 haud
398 407 474 464 multi
491 407 603 461 luerunt
617 405 664 479 qui
679 406 768 462 studia
782 421 831 460 sua
839 405 1007 460 conferrent.
1030 402 1150 478 Contigit

191 502 281 551 tamen
296 493 336 549 eis
354 500 386 549 ut
398 490 539 564 egregium
554 506 647 545 rerum
662 491 784 546 oratione
803 486 996 560 explicaturum
1011 483 1148 543 dictionis·

87 623 89 630 .
192 595 245 651 que
268 577 488 633 nanciscerentur
510 581 696 629 enarratorem
717 572 884 644 eundemque
906 571 1032 627 criticum
1046 571 1152 626 muneri

191 679 241 717 suo
251 677 343 734 parem
358 660 456 731 Georg.
470 657 541 716 aad.
554 657 783 726 80110033333333,Ι
799 673 815 710 3
829 673 884 729 quo
898 654 1029 714 derebus
1044 654 1154 727 quidem

190 745 370 819 inprimisque
392 743 426 797 de
441 742 500 797 iure
523 739 593 797 civili
608 742 652 796 vix
669 758 740 796 uuus
756 747 784 796 et
804 739 873 795 alter
887 738 998 795 relictus
1016 737 1096 793 locus
1112 745 1155 793 est

191 830 238 902 qui
260 835 308 884 aut
330 827 495 885 accuratiore
517 825 774 882 retractationeaut
787 824 955 880 correctione
975 822 1099 895 indigere
1116 821 1155 875 vi·

189 912 294 968 deatur.
325 911 361 966 lle
378 910 466 965 verbis
477 916 567 965 autem
581 908 655 964 illius
671 908 789 964 oratoris
806 906 1004 981 perpurgandis
1020 915 1103 979 atque
1121 905 1157 961 ad

189 996 332 1069 pristinam
343 993 625 1067 speciemreuocandis
637 992 813 1065 cumoptime
827 998 987 1048 meruerunt
997 991 1073 1048 Imm.
1088 988 1157 1045 Beli-

190 1079 273 1135 karus
288 1087 316 1133 et
332 1077 419 1134 critici
432 1077 604 1139 1331003000,
624 1093 741 1150 morum
755 1075 801 1132 ille
816 1075 844 1131 in
858 1074 911 1134 hoc
925 1075 1012 1147 magis
1027 1090 1109 1147 quam
1127 1074 1157 1129 in

190 1163 288 1218 ceteris
311 1161 467 1218 oratoribus
490 1168 621 1233 quantum
642 1160 744 1234 ingenii
768 1160 890 1216 30313130
905 1166 1001 1231 posset
1020 1159 1156 1231 sagacita-

191 1254 273 1319 teque
299 1246 433 1308 ostendit,
459 1244 488 1300 hi
509 1245 600 1318 siquid
622 1243 655 1301 ab
668 1246 728 1301 viro
748 1243 798 1299 illo
817 1244 978 1299 doctissime
996 1241 1157 1314 neglectam

190 1338 263 1385 esset
283 1330 434 1385 autminus
449 1336 525 1384 recte
539 1329 696 1385 institutum
719 1327 895 1401 expleremurt
909 1332 1156 1388 autumaremus

189 1422 249 1469 tum
265 1414 319 1469 hoc
333 1420 456 1487 tempore
470 1429 550 1468 nemo
565 1414 639 1486 quod
653 1413 735 1469 sciam
753 1413 782 1468 in
798 1411 924 1468 omnihus
939 1410 1006 1466 lsaei
1021 1409 1157 1466 orationi·

190 1497 241 1552 lius
256 1498 426 1553 recensendis
448 1497 612 1569 edendisque
629 1495 793 1570 peculiarem
810 1511 920 1569 operam
939 1511 1093 1567 curamque
1104 1510 1158 1566 po-

189 1581 254 1637 suit.
284 1581 349 1636 Nam
364 1581 505 1636 llohsonus
520 1581 665 1637 Britannus
681 1581 707 1635 id
728 1581 785 1653 epit
798 1588 831 1636 ut
844 1578 976 1653 quidquid
989 1585 1065 1634 esset
1082 1596 1101 1634 e
1110 1594 1158 1633 00-

189 1666 257 1720 teris
265 1664 461 1737 interpretibus
475 1666 508 1720 ad
523 1664 583 1721 illas
598 1664 773 1722 illustrandas
793 1663 903 1720 allatum
916 1658 1159 1735 (1111303103ωῶ-

188 1757 282 1821 30001,
310 1765 372 1804 3330
397 1749 461 1821 quid
482 1750 515 1819 de
533 1766 643 1822 quoque
662 1748 726 1805 idco
747 1749 807 1821 ipse
826 1748 941 1805 sentiret
959 1745 1158 1819 profiteretur:

188 1833 220 1887 id
231 1840 321 1887 tamen
332 1833 461 1888 utilitatis
472 1831 565 1887 attulit
577 1833 772 1892 adorationem
785 1832 853 1887 lsaei
866 1830 969 1887 rectius
984 1829 1158 1888 00301133οι-

188 1916 262 1978 dam,
287 1916 361 1989 quod
382 1916 484 1971 codicis
507 1917 603 1989 optimi
623 1916 774 1990 Crippsiani
793 1917 892 1971 iterum
916 1932 932 1970 a
953 1931 982 1969 se
1003 1913 1115 1970 emerissi
1128 1921 1159 1966 et

188 1999 333 2055 Burneiani
356 2000 507 2072 scripturae
537 2001 745 2073 discrepantiam
768 1998 910 2072 evulgavit.
940 1996 1065 2053 Parisios
1089 2012 1158 2052 vero

188 2084 271 2139 editio
287 2102 302 2138 a
316 2082 412 2138 Carolo
429 2083 543 2139 11311030
559 2084 772 2140 incuriosissime
785 2092 880 2139 curata
892 2098 953 2139 cum
968 2097 1002 2136 ne
1017 2087 1157 2135 transver-

188 2173 247 2222 so'm
261 2167 369 2240 quidem
378 2183 498 2239 unguem
506 2168 628 2223 discedat
642 2167 809 2226 3133100301
819 2169 847 2222 13
861 2179 977 2223 censam
987 2164 1081 2220 venire
1098 2180 1158 2219 non

187 2259 289 2323 potest.
327 2250 379 2306 Sed
402 2265 490 2324 nuper
511 2251 675 2308 exstiterunt
695 2252 816 2325 quamvis
831 2251 910 2324 pauci
928 2249 975 2323 qui
992 2250 1021 2303 in
1036 2246 1158 2320 singuiis

79 2377 84 2388 ,
188 2333 256 2389 locis
278 2333 448 2407 expoliendis
461 2335 635 2408 3303130030,
659 2331 759 2408 quihus
782 2335 810 2389 in
832 2340 907 2390 tenta
931 2331 1157 2399 doctissimorum

188 2418 309 2473 virorum
321 2417 452 2473 industria
463 2433 494 2474 ae
509 2418 651 2492 diligentia
664 2427 755 2475 tamen
763 2418 908 2493 permultis
921 2417 1079 2489 inqnmatae
1087 2424 1157 2471 ennt

187 2502 256 2557 lsaei
273 2501 426 2564 orationes,
449 2500 594 2559 liberandis
615 2502 711 2559 sedulo
728 2502 908 2559 elaborarent.
937 2503 968 2556 ln
981 2499 1082 2573 quibus
1097 2515 1157 2554 non

188 2586 319 2641 mediocri
334 2585 412 2641 laude
424 2585 499 2659 digni
511 2595 575 2642 sunt
587 2585 733 2650 llohraeus,
747 2588 891 2642 Britannus
900 2583 1157 2662 perspicacissimus
1177 2593 1185 2600 ·

186 2667 334 2740 (adversar.
355 2668 409 2726 vol.
430 2670 450 2725 l.
469 2688 497 2744 p.
515 2677 567 2732 286
583 2687 644 2743 sqq.
669 2679 697 2727 et
718 2678 786 2727 orat.
801 2671 857 2730 Att.
873 2669 914 2727 ed.
929 2668 1050 2728 llebson.
1067 2664 1111 2721 IV.
1125 2683 1155 2740 p.

185 2751 342 2825 11-11111,),
356 2754 498 2827 Emporias
515 2753 637 2828 (epuecc.
651 2771 679 2827 ρ.
694 2759 748 2814 219
762 2770 823 2826 sqq.
837 2762 867 2810 et
886 2753 964 2827 316),
978 2752 1156 2812 Machaerus

186 2834 248 2907 (aot.
266 2837 361 2893 societ.
373 2837 491 2894 &aecae
503 2839 534 2894 11.
548 2856 578 2912 p,
587 2836 721 2911 99000),
733 2838 783 2893 nt.
798 2837 936 2894 danielitas
949 2835 1110 2909 (0100033310
1124 2835 1157 2892 in

184 2919 290 2976 Isaeum
309 2919 384 2996 lips.
405 2917 501 2996 1838),
526 2921 555 2977 G.
576 2919 795 2995 A.1lirs'cl1igius
817 2918 927 2993 (Philol.
945 2917 997 2974 vol.
1012 2919 1042 2980 V,
1058 2936 1086 2992 p.
1103 2924 1156 2980 522

185 3003 254 3076 sul:
272 3021 377 3076 paucos
397 3003 473 3062 locos
488 3003 616 3062 sollerter
634 3013 663 3072 et
677 3005 817 3070 alacriter,
837 3006 882 3064 uti
893 3003 978 3066 solet,
996 3002 1090 3075 attigit
1103 3002 1156 3058 Co·

185 3086 267 3143 betas
289 3089 332 3144 vel
348 3089 379 3144 in
399 3089 479 3143 variis
497 3088 882 3163 001133303101031103113ιο·Ἰ
898 3084 1046 3146 Paolum
1061 3094 1156 3148 law

183 3169 299 3252 11313130
310 3171 550 3244 ingeniosissimus
561 3171 787 3247 -qnlqaepraoter
804 3180 912 3229 eeteros
933 3171 1052 3228 emineat
1068 3171 1155 3227 meni

185 3253 331 3330 sermonis·
351 3263 475 3311 accurata
496 3258 654 3331 etcopiose
681 3257 793 3316 scientia
812 3253 1082 3329 cognitam‘haberet
1107 3262 1155 3310 ant

185 3354 356 3411 aegrescere
375 3337 457 3396 vellet
472 3339 573 3412 Baiteri
582 3339 749 3415 Sauppiique
765 3340 993 3414 elegantissimam
1011 3346 1155 3398 oratorum

183 3420 337 3479 Atticorum
357 3422 516 3486 editionem,
538 3441 572 3480 ne
594 3441 664 3497 quae
684 3425 737 3482 iarn
750 3425 860 3481 inventa
877 3432 971 3484 essert
984 3429 1155 3500 receptaque

1127 3541 1134 3570 t
