2467 3942
217 147 258 212 68
553 115 848 201 ΑιτοιπΑειιΑτιΑ.
919 124 922 128 ’
1122 97 1127 112 ¹

217 316 353 426 ποίιεηι·
382 316 442 422 ἤδη
471 317 507 381 δὲ
534 314 635 395 αὐτὴν
662 316 682 393 ἡ
712 314 788 380 ιίιδὶ(
814 313 1037 394 καταλαβοθτα
1062 314 1106 381 εἰ(
1123 315 1216 420 τὴν

217 403 373 484 ἡμετέραν
400 401 519 480 χώραν
540 404 631 466 λῦται
660 401 723 481 τὴν
756 400 878 478 Ζώνην·
907 398 978 465 ἀνθ’
1004 398 1052 466 ὧν
1079 397 1173 466 νῦνί
1216 431 1217 454 ι

216 486 349 565 Ζωιτήρ
371 484 437 550 ἀπὸ
459 489 556 551 τοῦδε
577 487 731 551 καλεῖται·
754 483 866 550 ἔπειτα
887 476 933 556 εἰς
947 484 1064 563 Δῆλον
1079 487 1173 588 διαβιί

217 592 275 637 εαν
303 571 456 651 διδύμου(
483 573 602 655 τεκεῖν,
629 569 777 650 Αρτεμίν
804 589 839 635 τε
867 569 917 635 καὶ
938 569 1088 635 Ἀπόλλω
1107 569 1173 634 τοὺι
1216 575 1217 612 ³

216 656 386 722 θεοίε-
408 654 504 720 Adde
525 621 663 721 Ari6tid.
681 654 747 739 lp.
765 653 825 719 157
841 653 925 717 Dd.:
949 653 1041 733 Λητώ
1063 674 1098 720 τε
1108 655 1173 803 66,

217 741 375 846 λυιαμένη
397 742 455 819 τὴν
477 742 584 819 Ζώνην
607 739 808 819 ἐνΖωιτῆρι
829 744 887 818 τῆ(
908 739 1047 818 Ἀττικῆς
1068 740 1173 805 καὶλι-
1213 743 1217 782 7

215 830 322 892 ποίιεα
342 827 401 904 τὴν
424 825 609 904 ἐπωνυμίαν
631 830 678 910 τῷ
701 826 803 909 τόπῳ,
826 819 998 906 βαδίζοντα
1019 824 1113 890 ἀεὶ
1088 824 1172 889 ειιτὸ
1216 831 1217 868 ³

216 912 299 990 πρὸι
322 910 377 992 ἕω,
399 910 633 989 τῆεΠρονοίαι
656 911 789 990 Ἀθηνᾶι
804 909 995 992 ἡγουμένηε,
1018 907 1073 975 ἀπ’
1087 908 1173 989 ἄκραι
1215 917 1217 956 ³

215 1000 271 1074 ιῆι
292 995 431 1073 Αττικῆι
453 994 586 1075 ἑπιβᾱεα
614 998 681 1061 τῶν
710 996 817 1075 νήεαιν
846 993 889 1060 εἰ(
911 995 1025 1073 Δῆλον
1048 994 1173 1073 καταίρει
1216 1001 1217 1038 1

215 1081 268 1145 καὶ
293 1080 388 1145 τίκτει
416 1081 455 1159 δὴ
482 1079 560 1145 τοὺ(
586 1081 697 1162 θεοὺε,
725 1080 784 1158 τήν
810 1100 845 1145 τε
871 1080 1020 1159 Αρτεμιν
1048 1078 1172 1145 καὶτὸν
1215 1087 1217 1125 1

216 1170 370 1268 πατρῷον
393 1163 541 1229 Ἀπόλλω
557 1170 595 1248 τῇ
611 1165 717 1248 πόλει
741 1173 775 1229 οἰ
794 1163 896 1230 schol.
912 1162 1063 1228 adhL:
1086 1168 1173 1229 τοῦτο
1216 1173 1217 1210 1

215 1251 267 1315 καί
294 1229 365 1314 Ϋπ.
393 1249 429 1315 ἐν
457 1253 504 1355 τῷ
527 1250 699 1333 Δηλιακιβ,
728 1249 927 1330 βουλόμενα(
956 1252 1056 1321 δείξαι
1083 1249 1130 1316 ὅτι
1148 1246 1173 1312 6
1213 1259 1217 1294 -2

215 1339 306 1439 νῇτοι
334 1333 429 1411 ἐγγύι
459 1333 516 1400 εἰει
542 1338 599 1413 τῆτ
621 1335 775 1418 Ἀττικῆε,
804 1333 912 1418 εἶπεν,
938 1333 1026 1402 ὄπ’
1010 1354 1057 1400 απ
1058 1333 1173 1413 ’ἄκραι
1216 1373 1217 1380 1

215 1423 272 1499 τῆε
295 1417 468 1497 Αττικῆε
455 1440 475 1496 η
497 1420 590 1499 Λητὼ
613 1419 712 1519 ἐπέβη
734 1423 791 1498 τῆι
813 1420 922 1497 νήεον.
1216 1449 1217 1454 ¹

177 1523 202 1564 τι
301 1502 352 1567 71.
380 1500 541 1567 Ἐνταυθλ
572 1499 694 1568 θύεται
725 1506 771 1588 τῷ
804 1501 989 1567 Ἀπόλλωνι
1024 1500 1172 1587 ὁσημέραι

215 1588 272 1651 καί
294 1586 389 1671 μερίς
411 1583 502 1671 αὐτῷ
526 1587 583 1651 καί
605 1569 757 1653 δεῖπνον
770 1589 1001 1671 παρατίθεται.
1047 1587 1172 1694 Pris6i6·
1214 1596 1217 1636 ἰ

214 1695 276 1740 nus
300 1672 394 1758 18p.
417 1653 488 1737 229
502 1672 563 1737 Kr
660 1681 663 1686 “
1216 1667 1217 1704 ³

177 1778 202 1818 τι
301 1756 352 1822 72.
375 1753 500 1820 Καὶ
465 1779 525 1821 τον
532 1760 700 1861 κρατῆρα
722 1755 784 1822 τὸν
805 1756 1005 1823 Πανιώνιον
1032 1760 1129 1843 κοινῇ
1148 1752 1175 1820 οἱ

206 1840 368 1925 Ἕλληνες
389 1841 652 1923 κεραννύουσιν.
697 1843 777 1908 Ath
801 1840 891 1943 Xp.
905 1842 1032 1909 4246.
1069 1845 1171 1923 Κερνν·
1216 1855 1217 1858 ’

215 1928 344 1994 νιίονιιν
367 1948 409 1992 ex
430 1926 600 2013 Hyperide
631 1927 730 1993 etiam
752 1923 889 1993 Photius
912 1937 944 1993 et
966 1927 1086 1994 suidas
1108 1926 1171 1992 affe·
1216 1937 1217 1942 ’

214 2021 301 2077 runt.

176 2119 202 2160 τι
300 2096 352 2161 73.
379 2098 484 2177 Εχει(
512 2099 548 2163 δὲ
577 2102 714 2165 διπλοῦν
741 2099 920 2180 ετοχαεμόν
942 2100 1032 2204 6666
1054 2098 1123 2164 Ὑπ
1142 2096 1171 2162 ἐν
1216 2109 1217 2146 1

213 2190 260 2268 66
276 2184 375 2262 Δηλ·
391 2182 686 2263 ἑκθηιόμεθαδὲτά
704 2183 854 2266 εἰρημένα
868 2185 949 2263 ὑπὲρ
964 2187 1023 2250 τοῦ
1040 2184 1171 2261 γενέιθαι
1216 2191 1217 2230 ³

214 2248 314 2348 εαφὲι
336 2268 374 2334 τὸ
397 2267 583 2348 λεγόμενον.
628 2268 800 2349 Ἀφίκοντό
821 2288 906 2335 τινε(
928 2267 971 2335 εἰι
993 2267 1145 2347 Δῆλον
1128 2287 1171 2333 αν·

214 2357 339 2430 θρωποι
361 2351 484 2418 Αἰολεῖς
505 2353 705 2437 πλούειοι,χ
685 2355 816 2434 χρνιίον
838 2355 970 2433 ἔχοντε(
985 2355 1083 2436 πολιί,
1104 2350 1171 2418 κατὰ
1216 2391 1217 2398 1

214 2437 353 2515 θεωρίαν
374 2439 430 2515 τῆε
452 2436 604 2503 Ελλάδοι
626 2438 756 2521 ἀποδημ
758 2438 934 2505 οθντειὲκ
959 2439 1054 2516 τῆιὲ
1056 2441 1170 2504 αντῶν·

215 2517 306 2588 οὗτοι
327 2520 492 2602 ἑφάνηιαν
515 2522 551 2589 ἐν
573 2522 699 2609 Ῥηνείᾳ
717 2523 752 2588 ἐκ
734 2529 787 2605 κεβ
773 2525 941 2605 εβλημένοι
962 2521 1171 2603 τετελευτηκό·

213 2627 275 2672 τεε.
312 2611 372 2672 τοῦ
395 2608 431 2672 δὲ
453 2608 642 2688 πράγματα(
656 2610 851 2690 περιβοήτου
874 2607 972 2674 ὄντοε
995 2608 1170 2690 ἐπιφέροντι

213 2692 331 2770 Δήλιοι
353 2695 423 2756 τοίι
444 2692 608 2771 Ρηνεῦειν
623 2692 766 2759 αἰτίαν
749 2714 794 2759 ωε
814 2693 922 2759 αἰτῶν
937 2697 1037 2759 ταῦτα
1050 2712 1170 2769 πεποιη·

213 2777 329 2859 κότων,
351 2776 402 2840 καί
423 2777 604 2858 γράφονται
632 2779 692 2857 τὴν
721 2780 816 2844 πόλιν
845 2778 953 2844 αὐτῶν
975 2773 1168 2860 ἀιεβείαιῇ
1147 2795 1171 2840 οι

213 2862 250 2926 δὲ
272 2859 432 2938 Ῥηνεῑι
416 2861 651 2942 ηγανάκτηνιαί
672 2883 706 2928 τε
728 2870 774 2948 τῷ
788 2864 949 2943 πράγματι
971 2864 1023 2927 καὶ
1044 2882 1170 2943 προικα·

214 2949 347 3011 λοῦνται
368 2946 511 3026 Δηλίου(
532 2948 591 3027 τὴν
614 2946 715 3027 αὐτὴν
731 2927 830 3028 δίκην.
868 2948 975 3028 οὔιηε
986 2950 1022 3013 δὲ
1043 2951 1100 3028 τῆ(
1114 2952 1170 3012 δια·

216 3065 419 3077 ——u-—-

214 3132 314 3197 πολλῷ
333 3132 466 3199 κέχρηται
483 3136 526 3199 τῷ
546 3132 635 3199 μύθῳ,
653 3132 748 3197 λέγων
765 3133 843 3187 οὕτω
861 3133 976 3186 κτὲ.-
999 3132 1040 3188 εἰ(
1056 3135 1110 3201 τὴν
1124 3134 1172 3197 γῆν

213 3198 317 3266 ἐλθεῖν]
343 3199 383 3254 εἰς
404 3202 459 3265 τήν
482 3200 579 3266 χώραν
602 3184 659 3254 ἐλθ.
682 3203 715 3254 Τ.
738 3202 804 3270 VII,
830 3200 924 3255 ἐλθεῖν
946 3201 987 3256 εἰ(
1008 3204 1064 3269 τὴν
1086 3201 1171 3282 χώραν

212 3271 339 3321 Ven.—
361 3271 414 3320 νῦν
432 3285 484 3319 om.
503 3270 632 3320 Mon-
656 3241 804 3322 Ioannem
805 3286 861 3322 non
878 3272 940 3337 ipsa
957 3272 1046 3324 verba
1061 3268 1171 3348 Hyperi·

213 3337 256 3387 dis
281 3336 433 3387 afferreB.
456 3336 531 3387 668.
556 3344 765 3404 perspexerunt.
800 3337 898 3403 χώραν
921 3336 1088 3407 (ἐλθοθῑαν)
1109 3336 1170 3387 Μαί

213 3404 295 3456 neke
326 3402 384 3455 ἀπὸ
401 3402 486 3455 τοῦδε
498 3404 625 3458 καλεῖται
636 3406 757 3470 Ruhnk„
776 3404 834 3458 ἀπὸ
852 3408 905 3459 τοῦ
923 3407 1071 3460 δεκατικοθ
1085 3405 1169 3458 codex.

214 3496 247 3506 -
270 3473 301 3521 71
320 3469 452 3523 ἐνταυθοῖ
469 3472 607 3523 Μοιι.-
637 3476 669 3527 73
688 3472 867 3541 διαδικαιίαι]
887 3473 1009 3529 δικαιίαε
1027 3475 1170 3529 6666.-
