2467 3942
190 154 251 215 116
487 156 545 215 ΕΚ
565 154 660 216 ΤΩΝ
678 155 916 219 ΔΩΡΟΘΕΟΤ.

254 330 306 408 δὶς
320 327 358 397 δέ
373 323 444 397 δύω
463 326 630 414 Φαέθων,
646 335 805 417 Στίλβων
818 345 926 418 τρεῖς,
939 332 1038 400 έννέα
1051 336 1202 419 Θοῦρος·

254 431 312 512 τάς
328 427 361 501 δ’
379 426 646 520 ὑπολειπομένας
660 430 776 513 δισσάς
789 427 929 545 Φαίνων
946 434 1025 522 λάχε
1039 442 1175 523 μοίρας.

438 606 642 695 Δωροθέου
662 602 744 694 περὶ
762 596 953 695 τριγώνων.

252 736 357 827 Κριδς
370 739 514 829 χαιτάεις
527 766 564 808 τε
577 741 675 810 Λέων
688 739 795 822 τόξοιό
808 767 844 810 τε
853 735 973 830 Ῥυτὴρ

250 840 374 933 ἤματος
385 841 542 928 Ἠελίοιο,
557 841 641 923 Διὸς
656 846 696 912 δέ
707 871 743 913 τε
762 841 883 924 νυκτὸς
897 850 992 914 ἔασιν

200 961 234 1015 65
247 944 437 1035 άλλάγδην·
469 944 562 1027 αίνδς
575 946 614 1015 δὲ
627 945 760 1036 Κρόνος
772 948 930 1036 τριτάτην
943 946 1043 1034 λάχεν
1056 945 1166 1017 αἶσαν

258 1049 409 1138 Ταύρου·
436 1056 653 1139 Παρδενικῆς
671 1051 708 1120 δὲ
722 1051 778 1120 καλ
792 1050 968 1140 Αίγόκερω
983 1053 1188 1135 κρατέουσιν

250 1152 373 1244 ἤματος
383 1149 603 1242 Ἀφρογενης,
618 1151 740 1233 ννκτδς
754 1156 794 1223 δέ
803 1181 840 1222 τε
855 1160 911 1223 δῖα
925 1154 1072 1241 Σελήνη,
1103 1158 1105 1161 ’

250 1260 306 1326 καλ
320 1264 470 1345 τρίτατος
484 1254 567 1345 μετὰ
581 1273 667 1325 τοῖσι
681 1256 762 1336 θεὸς
776 1260 972 1344 πολέμοισιν
986 1255 1166 1327 ἀνάσσων·

156 1392 159 1398 ·
251 1364 289 1430 έν
307 1362 347 1430 δέ
357 1387 402 1430 νυ
414 1365 616 1449 Παρδενικῇ
631 1368 746 1448 Μαίης
760 1361 998 1448 προσλάμβανε
1011 1366 1149 1449 κοῦρον.

200 1481 234 1535 70
248 1470 286 1534 έν
300 1461 465 1550 Διδύμοις
478 1469 580 1554 Ζυγῷ
594 1491 629 1531 τε
644 1467 700 1532 καὶ
711 1461 873 1556 Ὺδροχόω
888 1463 1045 1552 κρυόεντι
1097 1548 1103 1561 ,

249 1564 384 1655 ἠμάτιος
401 1572 551 1649 Φαίνων,
565 1563 650 1653 ἀτάρ
664 1572 805 1655 ἔννυχος
814 1565 1070 1654 Ἀργειφόντης·

249 1668 379 1740 τούτων
395 1665 426 1738 δ’
442 1664 603 1757 ύστατίην
615 1675 787 1759 Κρονίδης
799 1668 1096 1758 μοιρήσατοτάξιν.

251 1778 424 1862 Καρκίνον
441 1764 523 1841 αὖτε
536 1773 638 1860 λάχεν
652 1775 709 1842 καὶ
722 1781 896 1859 Σκορπίον
915 1770 979 1863 ἠδέ
989 1799 1026 1840 τε
1039 1779 1196 1852 λοίσθοος

245 1875 376 1965 Ἰχθύας
389 1873 512 1964 ἠματίη
525 1877 675 1965 Κύπρις,
693 1876 841 1963 Πυρόεις
855 1878 896 1947 δέ
909 1903 945 1945 τε
958 1876 1098 1962 νυκτός,
1220 1891 1226 1931 ⁸

200 1997 234 2052 75
248 1982 304 2049 καὶ
317 1975 400 2066 μετά
413 1977 492 2059 τούς
506 1982 664 2059 έλικωπις
676 1986 743 2068 ἔχει
757 1986 936 2068 βασίλισσα
949 1978 1097 2068 Σελήνη.

240 2150 318 2221 Τοῦ
337 2139 455 2219 αὐτοῦ
478 2152 516 2220 ἐν
535 2142 591 2234 οἷς
607 2155 776 2242 χαίρουσι
796 2143 920 2235 τόποις
937 2153 975 2219 οί
987 2140 1143 2239 άστέρες.

250 2287 387 2373 Αίρετοὶ
400 2288 437 2354 ἐκ
454 2285 583 2356 τούτων
600 2292 729 2375 μᾶλλον
742 2287 874 2376 Κρόνος
894 2293 945 2356 είν
956 2281 1118 2376 ’Ῥδροχῆη

249 2389 334 2472 Ζεύς
358 2386 391 2460 δ’
406 2391 456 2458 ἐνὶ
476 2392 640 2481 Τοξεντῇ,
658 2391 714 2459 καὶ
727 2399 889 2482 Σκορπίῳ
904 2386 1144 2480 ἦδεταιἍρης·

197 2512 201 2517 '
249 2495 381 2583 Κύπρις
396 2489 429 2562 δ’
446 2495 484 2560 έν
503 2492 623 2585 Ταύρῳ
638 2494 778 2580 γάνυται
802 2493 900 2577 νόον,
917 2497 954 2562 ἐν
970 2497 1010 2563 δέ
1021 2522 1065 2563 νυ
1080 2494 1192 2586 Κούρη

244 2597 410 2688 Ἑρμείας·
439 2591 487 2675 εἷς
501 2593 533 2664 δ’
551 2601 622 2665 ἔστι
638 2597 738 2685 δόμος
754 2602 929 2695 φωστῆρος
943 2595 1093 2667 ἑκάστου.

417 2767 495 2837 Τού
516 2757 636 2838 αύτού
654 2767 737 2859 περὶ
751 2756 968 2858 ύίιωμάτων.

196 2923 231 2975 80
241 2899 367 2983 Ἠέλιος
381 2912 499 2991 Κριοίο
514 2902 587 2973 κατ’
608 2907 707 2974 ἐννέα
721 2906 778 2974 καλ
794 2908 875 2975 δέκα
889 2910 1007 2993 μοίρας

247 3002 409 3089 ὑψοῦται,
424 3007 529 3097 Μήνη
543 3008 581 3077 δέ
594 3009 671 3097 περὶ
687 3007 845 3097 τριτάτην
863 3007 1018 3094 Ταύροιο,

248 3115 382 3198 εἰκοστῇ
395 3110 433 3179 δὲ
445 3116 505 3200 μιῇ
520 3117 634 3198 Ζνγού
649 3112 781 3202 Κρόνος
790 3094 806 3149 ·’
831 3118 987 3198 Αίγίοχος
1002 3109 1040 3179 δὲ

197 3254 205 3271 ·
247 3219 421 3302 Καρκίνου
435 3215 473 3282 ἐν
491 3218 684 3302 δεκαπέντε,
699 3212 775 3285 καθ’
792 3205 981 3303 ’ἑβδομάδας
994 3213 1031 3282 δὲ
1042 3211 1193 3297 τετάρτας

210 3372 214 3381 ,
237 3316 339 3405 ’Ἁρης
352 3316 544 3406 Αίγόκερω,
560 3321 636 3407 περὶ
652 3317 685 3388 δ’
702 3321 802 3389 ἐννέα
818 3317 972 3407 τρισσάκι
988 3315 1119 3401 Κύπρις

129 3410 132 3419 ’
194 3435 229 3490 85
239 3419 375 3507 Ἰχθύσι,
388 3426 606 3511 Παρθενικῆς
622 3422 661 3491 δὲ
673 3430 791 3510 τρίτην
804 3421 888 3491 κατά
904 3419 1052 3490 πεντάδα
1063 3415 1190 3507 Ἑρμῆς·

245 3528 282 3591 αί
299 3524 336 3593 δὲ
351 3523 571 3606 ταπεινάσεις
584 3521 769 3614 ύψωμασιν
785 3528 823 3596 έν
839 3526 1017 3619 διαμέτρῳ.
1048 3620 1053 3627 .
