2467 3942
171 163 209 224 10
301 151 588 223 ΜΛΝΕΘΩΝΟΣ
600 159 1050 222 ΛΠΟΤΕΛΕΣΜΑΤΙΚΩΝ

233 335 291 406 καὶ
305 322 415 413 δέκαδ
428 327 584 422 άρρὴτων
597 329 725 420 μύστας
737 334 897 417 τελετῶν,
911 330 1075 422 μακάρων
1087 361 1126 405 τε

234 436 333 534 όργια
346 435 611 525 γιγνῶσκοντας,
624 426 671 505 όό
687 437 725 505 έν
737 442 869 523 βίβλοις
884 436 1056 527 ἐχαράχθη

234 555 415 633 κρυπτοῖς,
430 535 470 620 δὶς
483 536 524 608 ού
537 544 618 609 πᾶσι
631 546 763 627 βροτοις
771 541 871 626 θέμις
882 541 920 608 έν
934 542 1061 629 φρεσὶν
1075 547 1182 631 ἴδμεν·

169 662 223 717 200
235 645 358 733 ταύτης
367 640 401 714 δ’
415 639 478 713 οὐκ
489 636 532 712 άν
545 639 681 712 όναιντο
690 641 918 730 δαημοσύνης·
934 643 1016 714 τάδε
1029 645 1183 736 γάρσφιν

233 746 301 821 ἄντ’
318 745 461 835 άγαθῶν
477 747 534 816 καὶ
550 743 729 832 λυγράκαδ
746 741 842 814 ἀντίοι
856 750 985 832 γίνεται
998 753 1082 818 αίεί.

234 857 339 923 ταῦτα
358 850 397 921 δὲ
417 850 474 919 καὶ
494 855 696 937 Στίλβων
721 849 806 937 βάζει
828 846 997 935 Κρόνου
1018 855 1061 922 έν
1081 849 1180 941 μεγά-

822 971 948 1041 ροισιν·

203 1097 206 1113 ·
235 1052 309 1131 ἀλλ’
328 1053 394 1145 ἄρα
407 1068 477 1136 τοῖς
488 1044 570 1144 ἡδος
582 1055 718 1124 πέλεται
731 1055 905 1145 σφετέρων
917 1052 985 1125 άπὸ
998 1054 1158 1144 μόχθων·

235 1159 346 1249 τεύχει
363 1156 394 1230 δ’
410 1155 453 1230 ού
466 1163 592 1248 μοῦνον
605 1162 736 1246 βίβλων
748 1159 937 1246 ἐπιίστορας
951 1163 1057 1248 ίρῶν,

170 1280 223 1335 205
238 1269 458 1352 παννυχίδων
470 1265 614 1332 τελετῶν
629 1256 661 1330 θ’
676 1256 854 1350 ἡγήτορας,
869 1257 953 1331 άλλά
966 1264 1026 1332 καὶ
1039 1260 1181 1342 έσθλούς

237 1365 387 1457 μάντιας,
397 1363 622 1453 άστρονόμους
633 1360 942 1452 καὶόνειροπόλους,
950 1365 1180 1455 προπάροιθεν

236 1470 410 1558 ε’ζομένονς
424 1472 569 1553 θυσιῶν,
588 1466 749 1556 μακάρων
762 1465 827 1537 άπο
843 1469 999 1555 θέσφατα
1012 1479 1155 1558 θνητοῖς

239 1578 438 1661 φαίνοντας,
452 1575 591 1660 πτηνῶν
602 1597 640 1640 τε
654 1575 755 1660 ποτὴς
768 1567 833 1642 άπο
845 1577 1088 1659 θεσπίζοντας,

237 1674 375 1766 πρὴξεσι
389 1671 423 1745 δ’
438 1677 477 1744 ἐν
489 1673 605 1763 βιότου
621 1676 744 1763 ἑτέρως
757 1669 1033 1763 ύποπεπτηῶτας.

172 1774 224 1850 210
275 1775 387 1859 όσσοις
401 1775 434 1848 δ’
453 1768 498 1849 αὖ
512 1786 572 1848 Φα
582 1774 849 1866 ίθωνἍρεως
863 1787 985 1848 ολκοισι
998 1779 1155 1868 βέβηκεν,

235 1880 458 1972 τρισμάκαρες
470 1886 637 1980 στρατιῶν
649 1876 825 1970 ἡγήτορες,
839 1886 878 1951 ἔν
890 1907 926 1952 τε
939 1889 1117 1973 βροτοῖσιν

232 1984 382 2074 τιόμενοι
394 1990 523 2056 πολίων
534 1978 727 2075 ἡγητορεςὴ
741 1989 907 2073 βασιλῆες.

235 2085 281 2171 ῶς
295 2084 329 2158 δ’
347 2083 457 2169 αύτως
469 2089 694 2177 καδΘούρος
707 2085 908 2177 ε’πὴνΛιδς
921 2086 1075 2177 έςδόμον
1087 2093 1176 2175 ἔλθη,

234 2197 392 2281 δωρεῖται
405 2196 508 2271 ’κῦδος
523 2192 580 2261 καὶ
591 2187 786 2280 άπειρέσιον
798 2190 919 2280 κράτος
929 2187 1086 2283 ἀνδρῶν·

169 2293 344 2387 215τεύχει
357 2297 414 2366 καλ
427 2299 522 2383 νηῶν
534 2290 587 2383 ἡδ’
603 2294 741 2384 ίππήων
754 2296 911 2384 πρυλέων
923 2321 961 2364 τε
1012 2370 1013 2375 1

233 2395 401 2489 ἡγεμόνας
414 2402 610 2487 βασιλεῦσιν
623 2395 804 2486 άρηρότας,
818 2405 853 2468 οἳ
865 2395 949 2467 κατά
962 2402 1081 2484 μῶλον

233 2500 440 2592 ἀνθρώπους
453 2507 646 2582 κτείνοντας
659 2504 698 2593 ἑὴ
711 2497 769 2571 ὀπί
782 2502 839 2570 καὶ
852 2505 1029 2590 μεμαῶτας

234 2617 252 2659 ε
369 2606 388 2649 *
497 2615 515 2660 *
594 2616 650 2658 ,*
760 2601 952 2668 εὖειεσιιιι·

105 2710 107 2715 ’
234 2714 267 2778 εί
279 2705 311 2780 δ’
328 2705 393 2798 άρα
406 2705 451 2798 μὴ
466 2710 593 2801 κέντρῳ
606 2708 742 2777 πέλεται
756 2703 839 2795 μηδ’
856 2707 890 2786 ές
902 2703 1005 2775 τόσον
1018 2717 1073 2795 εἴη

233 2808 334 2897 ύψος,
349 2807 538 2902 ιἰειρόμενοι
550 2808 688 2883 πάντων
700 2811 873 2898 σφετέρων
886 2804 973 2897 ύπερ
986 2806 1086 2881 αύτοδ

76 2966 82 2977 .
169 2932 220 2987 220
233 2913 417 3000 τάττονται,
431 2910 496 3005 κὴν
509 2921 617 3005 δμῶες
631 2910 787 2983 άεικέλιοι
801 2912 997 2982 τελέθωσιν.

272 3019 310 3090 έν
329 3015 362 3087 δ’
383 3014 771 3108 άραΚυπρογενούς
787 3014 882 3099 ζῶοις
900 3012 1005 3096 Ζεύς
1024 3011 1126 3103 όλβου

816 3115 930 3201 ὀπάζει

232 3234 411 3308 παντοίου,
424 3218 578 3293 κτεάνων
591 3249 629 3292 τε
643 3220 767 3310 δόμους
779 3228 943 3311 πίμπλησι
957 3228 1135 3311 βροτοῖσιν,

228 3320 351 3407 αύτούς
364 3322 399 3396 δ’
417 3317 501 3395 αὖθ’
519 3324 657 3415 ἑτάρους
666 3320 690 3416 ἡ
704 3327 761 3394 καί
773 3326 961 3413 συνέδρους
973 3321 1136 3412 βασιλήων

233 3428 383 3517 θηητούς
400 3438 510 3501 λαοῖσι
523 3431 579 3498 καί
592 3432 631 3498 έν
643 3435 817 3499 πολίεσσιν
830 3425 973 3518 άγητούς
1197 3429 1202 3451 ’

168 3545 223 3600 225
235 3531 356 3621 τεύχει,
370 3534 428 3603 καὶ
441 3531 603 3623 μακάρων
617 3536 719 3623 ἱερεῖς
728 3537 843 3622 σηκῶν
855 3558 892 3603 τε
905 3529 1108 3623 προέδρους,
1141 3511 1159 3563 ‘Q'
