2467 3942
334 214 340 235 '
431 211 615 276 ΒΙΒΛΙΟΝ
636 214 674 273 Δ.
1018 214 1056 278 81
1073 306 1076 312 .

31 405 92 460 525
106 393 157 470 είς
171 391 266 475 ίδίην
280 383 317 455 δὲ
329 381 462 473 ιιότρην
475 383 623 475 ψογερὸν
634 393 713 475 βίον
730 387 928 475 ίθύνοντας,

105 496 246 562 οἰκείων
260 494 371 578 ἔργων
385 486 623 577 ἐπιλήσμονας,
638 485 712 576 ούχὶ
725 497 893 580 θυραίων.

46 604 97 667 ’53
154 589 281 665 όιιαότε
302 588 334 661 δ’
356 588 602 681 ἀρρενικοῖς
622 593 766 663 δισσοὶ
787 602 869 683 μίγα
887 600 1054 682 φεγγοβο-

669 700 773 765 λύσιν

59 858 64 866 .
85 803 252 882 .ξωιδίοις
264 793 351 866 κατὰ
361 799 472 883 χοῖρον
484 793 688 887 ιἰνιίστερον,
702 801 737 868 οί
746 794 815 869 τότ’
833 802 966 867 ίσουται

105 906 285 991 τολμηροί,
299 898 508 987 θρασύθνμα
517 900 715 989 μεμηνότες,
729 903 845 990 ἐχθροὶ
860 903 1011 991 ἑταίρων,

29 1021 91 1078 530
107 1001 305 1099 πιστοτάτης
318 1004 433 1091 φιλίης
446 1003 665 1093 λνμύντορες,
679 1001 931 1095 νἰκριτόβονλοι,

106 1104 150 1178 οὐ
162 1113 245 1201 μίαν
258 1112 306 1186 είς
319 1102 469 1192 ύτραιιόν
482 1105 599 1194 βιότου
614 1105 741 1196 δρόμον
754 1106 963 1192 ἕκνεύοντες,

78 1225 82 1233 “
104 1209 226 1281 ύλλοτε
240 1206 274 1280 δ’
291 1206 431 1297 ἀλλοίην
443 1207 531 1298 ζωήν
545 1206 728 1297 εὔτρεπτον
742 1216 889 1297 ἔχοντες,

104 1312 247 1402 πρήξιος
262 1310 487 1391 όιλλόσσοντες
502 1309 555 1382 ἆεί
570 1312 741 1403 μεθόδους
751 1341 788 1382 τε
806 1317 998 1403 ιιορισμύν,

103 1421 142 1501 ἐκ
157 1414 189 1485 δ’
206 1416 360 1506 ἐνύδρων
372 1413 511 1503 μόχθων
523 1443 560 1486 τε
574 1417 632 1487 καί
646 1419 683 1487 ἐκ
697 1415 860 1506 ιιαρόλοιο
874 1422 1002 1505 διαίτης

27 1536 88 1594 53⁵
105 1526 126 1590 δ
128 1519 242 1608 ω’ματα
256 1524 470 1608 ποιμαίνουσι
483 1521 540 1589 καί
554 1524 591 1592 ἐν
603 1522 750 1609 λιμένων
762 1521 948 1617 τελέοντες,

105 1629 275 1712 δημοσίων
288 1625 412 1692 τελέων
427 1624 634 1715 ἐμπείραμον
647 1615 731 1716 ἦθος
745 1629 885 1712 ἔχοντες.

49 1738 98 1798 54
152 1725 298 1816 Μήνης
312 1722 343 1795 δ’
357 1721 505 1821 Ἠελίῳ
518 1727 666 1798 σύνοδον
685 1725 768 1796 κατὰ
780 1725 906 1813 κόσμον
918 1723 1056 1813 ἐχούσης

98 1834 221 1922 ζωιδίμ
236 1828 392 1918 δύνοντι,
409 1836 541 1918 βροτῶν
553 1832 651 1919 γίνος
664 1824 772 1899 ἔσσετ’
788 1825 973 1919 ἆμυδρόν,’

101 1928 191 2023 ήκαλ
205 1933 372 2023 λοσσαλίη
386 1940 489 2023 μανίη
504 1933 757 2022 δεδαμασμένοι)
768 1935 853 2016 αίεί,
883 1960 886 1967 ·
1035 1937 1037 1940 ⁴

28 2054 89 2108 540
104 2034 318 2125 φαρμακτόν,
333 2035 543 2125 νοσόθνμον,
554 2034 608 2107 ιἰελ
622 2034 784 2105 θανότοιο
799 2032 984 2124 ιιύρεδρον·

99 2145 338 2229 αόσαβροτῶν
353 2137 443 2228 ιγνγή
458 2139 539 2229 γάρ,
553 2137 639 2228 λιτήν
651 2136 732 2226 τόγε
746 2136 843 2209 κοινοὶ
856 2144 943 2226 βίοιο

97 2241 145 2333 μή
160 2244 287 2331 φρονέη
301 2240 384 2312 κατὰ
398 2240 513 2332 θυμόν
526 2240 723 2336 ἀναισθήτῳ
733 2267 770 2311 τε
783 2248 907 2329 ιιαλαίη

100 2352 302 2434 δοσκρασίη,
314 2347 535 2436 γιροτέθνηκε,
549 2340 662 2434 καλήν
675 2344 760 2432 φάος
773 2340 896 2432 ὄμμασι
905 2339 1047 2429 λεύσση·

99 2445 192 2536 ψυχή
207 2445 271 2538 γόρ
284 2448 441 2538 μερόπων
454 2448 588 2541 ἀμαθής
601 2447 780 2519 νεκύεσσιν
795 2441 903 2534 όμοίη.
938 2445 954 2477 ⁴

40 2564 87 2626 55
143 2545 189 2640 ήν
200 2551 238 2620 δὲ
250 2559 464 2642 Σεληναίη
478 2556 599 2642 κατίχη
612 2550 772 2640 ιιόμμηνα
786 2550 933 2619 κέλευθα

27 2673 86 2730 546
101 2651 294 2742 σύνδεσμόν
307 2655 512 2743 τεΚρόνοι
521 2684 555 2742 ο,
570 2653 796 2744 σεληνιόωντα
809 2658 932 2740 φανείη

99 2763 195 2846 φύλα
207 2763 339 2845 βροτῶν
350 2758 430 2829 τόδε
443 2758 602 2850 ιιύμιιαν,
618 2756 666 2829 ἰδ’
683 2755 870 2827 εἰδώλοισιν
883 2751 995 2843 ὅμοια,

99 2863 157 2932 καὶ
171 2866 294 2951 κραδίη
308 2861 496 2951 θεόληιττα,
510 2864 568 2933 καί
581 2860 777 2952 ἆκρατέοντι
790 2863 937 2952 λογισμῷ

100 2970 250 3052 ἔνσοφα,
276 2964 386 3034 ιιύντα
399 2963 432 3034 δ’
456 2964 585 3056 όβονλα
603 2961 678 3035 κατ’
701 2959 904 3052 ἀνθρώπους
924 2963 1044 3052 προλί-

660 3091 764 3155 γοντα

29 3188 88 3242 550
102 3174 276 3257 φοιβητοίς
289 3170 450 3258 μύθοισιν
463 3168 742 3260 νἰιιοφθεγκτήρια
753 3166 886 3258 κρνιιτά

102 3274 294 3361 ἑσσαμένων
308 3280 418 3362 ἔργον
429 3302 466 3344 τε
480 3281 560 3363 βίον
573 3278 656 3362 ζωῆς
671 3300 708 3343 τε
721 3271 907 3342 κελεύθων.

44 3385 90 3448 56
143 3369 186 3463 ἢν
200 3375 239 3445 δὲ
254 3379 311 3447 καὶ
323 3378 497 3459 αίθαλόεις
508 3374 612 3467 όιστήρ
627 3375 691 3449 σύν
703 3391 788 3447 τοῖσι
803 3380 926 3464 φανείη
1004 3433 1010 3447 .

94 3474 162 3566 ’Ἀρ
172 3506 238 3559 εος
251 3483 288 3550 ἐν
301 3480 455 3552 κύκλοισι
467 3487 557 3555 θοοῦ
569 3481 726 3572 δινήματι
739 3478 883 3567 κόσμου,
1014 3496 1019 3529 ¹

99 3579 898 3677 φύσμασίδαιμονίοισισνναντήσονσινίιιεῑνοι,
1082 3662 1085 3668 .

73 3714 213 3752 mmo.
821 3693 840 3755 6
976 3704 979 3709 ’
