2467 3942
138 262 143 267 '
181 173 240 235 106
311 168 598 233 ΜΑΝΕΘΩΝΟΣ
613 168 1060 236 ΑΠΟΤΕΔΕΣΜΑΤΙΚΩΝ

193 357 233 417 27
276 339 343 416 Ἢν
356 341 389 415 δ’
406 339 508 433 εὕρῃς
519 350 561 413 Μ
567 342 677 433 η’νην
689 343 756 413 αἰεί
769 339 943 415 δύνουσαν
956 343 1012 434 ἐφ’
1027 342 1156 438 ύγροίς,

180 468 232 520 150
245 447 329 540 πρὸς
341 458 377 520 K
382 447 514 539 ρόνον
525 450 710 537 ἐρχομένην
722 442 744 536 ἢ
755 445 930 517 δύνονσαν
942 447 984 518 τά
997 450 1130 539 βόρεια,

244 549 421 641 ἄνθρωποι
432 548 610 621 θύνουσαν
625 547 769 639 ὁρώνται
783 557 936 621 ναυτίλοι
947 548 1074 642 ὑγρήν,

244 646 293 728 ὧν
306 652 385 736 ὁδός
398 658 489 725 ἐστιν
501 649 613 743 ὕδωρ,
626 659 663 724 σί
674 649 706 723 δ’
721 650 856 741 ἀστέρες
869 656 958 724 είσίν
968 653 1106 745 ὁδηγοί,

246 755 374 849 ἡνίοχοι
389 756 424 828 δ’
439 755 557 846 ἄνεμοι
565 808 575 843 ,
589 759 647 826 καὶ
661 756 792 845 κύματα
805 756 916 848 μακρά
930 760 1088 831 κέλευθα.
1110 824 1113 827 .

282 857 327 952 ἦν
340 860 372 933 δ’
388 864 501 950 ἐσίδῃς
513 860 609 943 ζώοις
623 863 662 930 ἐν
673 857 949 950 ὀλισθηροίσι
960 861 1001 932 τὰ
1015 867 1151 955 κέντρα,

182 986 232 1038 155
245 972 421 1059 Καρκίνφ,
433 960 596 1056 ’Τδροχόφ
609 961 664 1052 ἠδ’
677 962 804 1052 Ἰχθύσι
817 980 925 1035 τοῖσιν
937 962 1102 1054 ἆφώνοις,

246 1071 411 1150 δύνοντας
423 1064 501 1138 καθ’
517 1063 614 1153 ὕδωρ
625 1070 895 1157 δεσμευομένους
908 1066 948 1138 θ’
962 1065 1031 1141 ὑπὸ
1046 1077 1155 1161 μαζών

218 1194 226 1205 ,
246 1187 263 1227 ι
366 1184 384 1225 ι
488 1181 505 1223 ι
609 1181 627 1225 ι
732 1183 749 1223 ι
853 1182 871 1223 ιι

245 1277 379 1371 κνανέφ
393 1273 531 1363 πελάγει
545 1271 580 1343 δ’
594 1271 798 1365 ὑπονήχεται
808 1325 817 1360 ,
828 1270 909 1363 ἠύτε
925 1280 1063 1362 δελφίν,

246 1379 417 1468 σφόγγους
430 1381 467 1449 ἐκ
480 1382 617 1466 βυθίων
630 1374 881 1467 πουλτπρήτους
894 1376 1104 1468 άνερευνών.’

195 1594 236 1656 28
287 1581 340 1654 Ἐν
354 1581 387 1653 δ’
404 1587 503 1664 ἰδίοις
514 1579 618 1673 ούσης
631 1589 797 1672 Παφίης
809 1578 1107 1672 άμαῈρμάωνι,

182 1705 234 1760 160
248 1682 269 1776 ἢ
283 1702 413 1777 τρητοῖς
426 1678 587 1776 καλάμοις
599 1681 668 1756 ύπό
679 1686 870 1775 πνεύμασιν
883 1678 973 1779 ᾆσμα
985 1694 1142 1783 μελῳδεῖ,

246 1787 267 1882 ἢ
280 1799 386 1884 νομίφ
399 1791 535 1881 σύριγγι
550 1797 656 1879 φίλην
670 1788 823 1881 κεφαλὴν
836 1794 992 1878 ἐπισείει,

246 1893 337 1989 άλλφ
351 1891 383 1964 δ’
402 1897 439 1964 ἐκ
452 1894 627 1983 στομάτων
641 1899 778 1964 κελαδεῖ
790 1894 967 1984 μυκήματα
980 1893 1135 1982 σάλπιγξ,

249 1989 275 2092 ᾧ
293 1994 326 2068 δ’
342 1995 416 2091 άσει
429 2005 565 2086 κίθαρις
578 2001 797 2085 νευρένδετος
810 2000 848 2067 ἐν
861 1996 1069 2089 παλάμῃσιν,

246 2099 337 2193 άλλφ
352 2099 386 2170 δ’
402 2097 568 2190 ἁρμονίην
579 2098 780 2188 χαλκώματα
793 2098 922 2190 πλαγκτὰ
936 2104 1082 2190 παρέξει.

181 2221 233 2276 165
284 2201 358 2274 ἀλλ’
375 2201 425 2275 ὅτ’
441 2199 485 2275 άν
498 2200 518 2292 ἡ
534 2214 567 2274 Π
572 2232 593 2272 α
602 2210 676 2293 φίη
684 2200 720 2273 ‘E
727 2231 746 2293 ρ
754 2209 806 2293 μῇ
818 2211 996 2292 στείχουσα
1008 2206 1157 2296 συνοικῇ,

241 2304 394 2398 Ἑρμείαο
407 2308 559 2378 τόποισιν
573 2304 801 2396 ἀγαλλομένη,
817 2309 872 2378 ἐπὶ
885 2306 980 2397 χώρῃ
1115 2356 1123 2370 .

246 2411 394 2482 αίόλλειν
406 2408 538 2500 μορφάς
549 2406 572 2500 ἢ
584 2410 734 2500 χρώμασι
746 2414 830 2500 τῇδέ
840 2408 873 2499 γ’
889 2416 1019 2481 ἔδωκεν

244 2510 265 2605 ἢ
280 2524 433 2586 πολλοῖσι
446 2520 553 2604 μίτοις
566 2508 588 2603 ἦ
601 2514 793 2602 πλάσμασιν
808 2512 829 2603 η’
844 2540 925 2589 ποτε
940 2518 1042 2605 κηρῷ.

285 2613 327 2709 ἢν
342 2616 374 2689 δ’
391 2618 504 2689 ἐπάνω
518 2620 656 2709 φέρεται
670 2615 945 2706 μετάἨελίοιο
957 2613 1138 2704 Σελήνη,

181 2736 233 2794 170
246 2717 376 2811 ἡνίοχος
390 2719 813 2811 καμπτῆρωδιερχόμενος,
829 2727 1028 2810 φιλονείκως

247 2828 439 2913 ίπταμίνων
453 2823 577 2894 πώλων
589 2824 791 2913 τετράζνγον
805 2822 893 2915 ἅρμα
908 2823 1060 2908 διώκων,

245 2929 302 2999 καί
315 2928 423 3018 νύσσῃ
437 2928 568 3018 σύρδην
582 2930 750 2997 ἐπινίκιον
762 2932 867 2997 λππον
881 2926 1043 2998 ἐλαύνων.

186 3034 205 3117 ,’
283 3025 1106 3121 ἢνδὲΣεληναίηύφωμ’ἀνιοῦσασύνἙρμῇ

245 3130 410 3222 αύξιφαὴς
423 3140 553 3206 κατίδοι
566 3131 691 3205 κλυτὸν
699 3131 843 3205 Ἥλιον
852 3131 1048 3221 Ὠκεανίτην
1055 3183 1065 3218 ,

181 3253 231 3308 175
246 3242 304 3332 ἰξῷ
318 3239 530 3327 χρησαμένην
544 3239 663 3327 τίχνην
678 3237 837 3325 καλάμοις
850 3234 880 3306 τ’
897 3233 1095 3325 ἀναφαίνει,

244 3343 301 3411 καὶ
313 3340 440 3431 ταύτην
453 3340 527 3430 ίρηξ
540 3337 731 3431 ὠκύπτερος
744 3338 879 3411 οὔποτε
892 3347 1011 3409 λείπει.
1082 3380 1086 3388 -

273 3442 315 3514 ”A
324 3473 395 3532 ρεα
411 3441 445 3515 δ’
462 3450 494 3513 εί
504 3450 620 3533 γνοίης
630 3442 852 3533 άκρονύκτιον
863 3439 1098 3532 ὀβριμοεργόν,

242 3549 297 3616 καί
312 3547 476 3644 σύντρόδε
490 3547 705 3638 Κρόνοντε
719 3541 1164 3638 καὶἙρμείηνπαρεόντα,
