2467 3942
210 708 554 790 PRAEFATIO
589 710 853 788 ORITIOA.

468 897 604 908 ——n

140 1030 221 1081 Anno
237 1024 380 1098 superiore
401 1021 472 1079 edidi
486 1021 744 1078 Commentationum
758 1023 880 1080 criticam
894 1024 927 1082 de
946 1026 1013 1086 isaei

74 1108 228 1165 orationihus
249 1106 444 1182 programmati
458 1105 590 1179 gymnasii
605 1104 796 1162 Vitzthumiani
813 1109 886 1180 quod
900 1110 1014 1170 llresdaa

72 1199 105 1247 est
119 1194 260 1254 insertam,
282 1191 311 1247 in
326 1207 380 1264 qua
395 1207 456 1247 enm
473 1189 648 1262 quaestiones
661 1190 789 1262 quasdam
803 1192 882 1264 attigi
897 1210 965 1266 quae
979 1196 1015 1251 ad

70 1276 209 1333 universam
222 1276 393 1350 pertinerent
407 1281 493 1329 artem
506 1272 627 1330 criticam
641 1273 669 1329 in
681 1273 733 1329 hoc
747 1282 857 1332 oratore
870 1284 945 1333 reete
959 1278 1014 1335 iac·

69 1359 193 1422 danuam,
211 1369 269 1415 tum
283 1359 444 1432 pertractavi
462 1355 631 1413 difficiliores
650 1355 756 1430 aliquot
769 1357 846 1416 locos
860 1368 887 1415 et
901 1377 1015 1436 corrup-

19 1513 20 1518 *
69 1449 106 1498 tos
127 1444 234 1517 quidem
254 1460 306 1516 pro
324 1442 396 1500 virili
412 1449 490 1515 parte
512 1456 622 1514 operam
644 1440 705 1497 dedi
722 1448 754 1497 ut
775 1459 906 1500 sanarem.
941 1443 1010 1511 Quo.

19 1529 20 1532 ’
68 1528 129 1583 niam
141 1537 232 1584 antem
243 1527 422 1601 scriptionum
432 1524 655 1582 scholasticarum
666 1532 763 1584 natura
777 1526 833 1584 lert
840 1535 869 1583 et
880 1528 1013 1585 condicio.

68 1618 94 1665 ut
105 1611 131 1667 in
146 1628 297 1685 paucorum
310 1627 407 1666 manus
422 1609 545 1670 veniant,
564 1626 596 1666 ea
610 1625 680 1681 quae
694 1609 727 1665 ab
741 1610 820 1666 initio
836 1611 910 1667 illius
928 1611 1014 1669 libelli

68 1693 203 1768 disputavi,
226 1712 288 1752 enm
305 1694 334 1750 in
349 1694 409 1768 ipsa
420 1693 489 1750 lsaei
501 1693 622 1750 editione
637 1692 727 1750 locum
740 1694 840 1751 hahere
858 1695 1015 1754 viderentur

69 1791 136 1849 quam
149 1780 263 1836 maxime
275 1778 417 1838 idoneum,
433 1785 558 1850 repetere
570 1777 718 1839 constitui.
737 1777 775 1835 ita
788 1786 890 1841 nmen,
908 1788 940 1835 ut
952 1798 1015 1853 par·

68 1862 109 1917 tim
134 1879 262 1936 angorem
288 1879 320 1918 ea
340 1871 368 1918 et
393 1860 599 1936 amplificarem,
629 1860 728 1934 partim
752 1870 884 1920 mutarem
906 1871 934 1919 et
954 1881 1015 1920 cor·

67 1960 179 2018 rigerem.

459 2054 612 2070 ⁵⁸⁸¹—ss—

139 2181 239 2240 Causae
260 2182 440 2238 hereditariae
460 2198 521 2238 cum
541 2188 640 2237 natura
660 2199 710 2240 sua
731 2198 813 2255 saepe
834 2189 889 2239 tarn
902 2183 1020 2257 compli-

68 2271 132 2321 eatae
147 2266 202 2324 sint
217 2274 247 2323 ot
261 2266 420 2327 intricatae,
440 2273 473 2320 ut
487 2282 533 2321 eas
552 2266 675 2322 evolvere
690 2272 718 2321 et
731 2266 857 2338 expedire
871 2267 1015 2325 admodum

67 2345 163 2405 difficile
176 2367 238 2407 asse
252 2349 388 2412 videatur,
402 2349 502 2404 mirum
518 2365 575 2405 non
590 2358 633 2408 est
648 2349 720 2423 (prod
738 2349 767 2404 in
782 2349 851 2406 lsaei
867 2352 1013 2418 orationes,

68 2432 182 2503 equibus
196 2433 342 2507 pleraeque
355 2449 459 2498 omnes,
475 2449 544 2505 quae
556 2433 663 2506 quiidem
674 2433 795 2506 integrae
802 2428 831 2506 *)
846 2433 879 2489 ad
892 2443 1014 2492 nostram
1116 2419 1124 2440 ⁸

123 2592 150 2661 *J
172 2598 280 2648 Orationi
302 2599 441 2654 undecimae
463 2613 523 2662 quae
546 2605 581 2647 est
602 2599 632 2648 de
653 2599 758 2659 Hagniae
778 2595 909 2648 hereditate
927 2599 1015 2663 aliquid

68 2658 140 2712 deesse
157 2674 178 2713 et
196 2681 223 2715 ex
242 2682 269 2715 eo
287 2673 383 2730 apparet
400 2665 473 2729 quod.
492 2680 546 2714 cum
562 2665 698 2730 promiserit
709 2671 775 2714 actor
786 2679 813 2713 se
824 2665 854 2712 de
866 2664 1015 2740 lacpltatihns

68 2741 118 2789 quae
134 2731 162 2780 al
179 2733 323 2782 adversariis
341 2734 446 2781 celentur
457 2733 569 2796 deinceps
580 2732 697 2782 dictorum
715 2729 743 2795 (3
760 2739 793 2780 tr.
812 2720 879 2779 ἀλλ’
893 2743 1015 2792 ocrapov

68 2791 193 2856 περὶτῶν
209 2793 487 2863 παραλειπομένων
508 2790 568 2850 ὑπὸ
583 2790 692 2849 τούτων
713 2790 868 2864 ποιήσομαι
885 2791 951 2856 τοὺς
968 2790 1015 2848 λό-

68 2862 149 2926 pom),
171 2868 233 2917 nihil
250 2868 298 2917 tale
313 2869 340 2917 in
355 2866 409 2930 ipsa
431 2869 538 2920 onnam
553 2874 763 2918 commemoratum
779 2868 895 2931 reperitur
912 2874 935 2918 et
951 2866 1015 2932 osred

68 2933 134 2980 annis
149 2934 295 2986 desideratur
312 2936 438 2999 peroratio.
473 2934 629 2998 Quareanod
652 2936 790 2985 auctoritate
806 2934 915 2984 codicum
932 2948 1015 2998 qnam·

68 2993 409 3119 :hudissptimpurgmdllllnlffitps
431 2997 890 3118 gnntiseraklmmilzekkeirtolismengrcma
908 3002 1015 3116 gratisne

135 3081 186 3118 rnen
402 3106 408 3125 ‚
450 3083 528 3118 ernnc
569 3083 655 3118 min
711 3083 765 3117 ue
828 3081 1014 3128 asignasora-

67 3129 155 3191 donem,
175 3144 242 3185 reete
257 3135 435 3184 eserenon·
451 3135 622 3185 Tmccndbns·
641 3081 783 3185 resedatum.
818 3135 881 3192 Quae
892 3141 969 3183 auten
986 3147 1015 3183 οι

68 3205 126 3257 ΡΝ
144 3209 231 3254 man
253 3208 346 3254 serrata
367 3204 564 3267 ostentando
585 3202 638 3254 llal.
663 3202 705 3266 (da
725 3203 860 3262 oratoribus
880 3209 927 3252 iet
945 3201 970 3249 V.
987 3215 1013 3264 p.

68 3269 101 3312 ⁶¹⁸
120 3281 174 3334 sqq.⁴
189 3277 216 3319 et
236 3277 297 3320 orat.
321 3271 405 3322 Graec.
428 3270 475 3321 vu.
493 3287 517 3334 p.
535 3278 573 3320 ³51
591 3284 643 3335 sqq.
660 3268 751 3332 Reislt.)
769 3271 844 3320 oratio
862 3267 1016 3318 duodecimae

70 3334 153 3383 nomine
168 3336 239 3386 hodie
255 3338 368 3397 insignita
387 3343 410 3384 et
427 3338 511 3385 ceteris
528 3333 618 3386 adiecta
637 3337 782 3386 orationibus
798 3333 904 3397 integris,
922 3349 949 3381 ea
967 3341 1014 3381 non

70 3399 158 3527 mit
168 3402 441 3518 Ιαιίὲξὲἰιεετεᾱὶιπῑιιε,
460 3402 503 3451 sed
516 3404 545 3452 ad
557 3417 654 3452 cansam
666 3401 785 3467 Euphileti
801 3405 828 3452 in
841 3395 1015 3464 διαφηφίσοι

151 3481 189 3516 ms
275 3481 284 3517 .·
441 3505 442 3508 ,
880 3497 883 3508 ,
