2467 3942
343 202 391 251 ns
412 203 493 256 ΗΥΡ.
516 202 752 264 οιοροιιιιπιτι.
882 190 1032 251 XXXIII

22 384 26 463 γ
74 364 209 443 φοβεῖται
232 374 293 441 -,’
321 359 340 424 ὁ
369 361 405 424 δὲ
427 369 445 436 τ
468 358 561 425 ἔνθεν
584 356 670 424 ἑλὼν
691 360 751 424 τοῦ
773 358 1030 439 μεγαλοφυεςτό-

73 466 135 531 τοο,
149 448 199 511 καὶ
212 445 264 511 ἐπ’
280 444 381 525 ἄκρον
397 443 513 525 ἀρετὰς
528 443 822 526 ςυντετελεςμένας,
838 441 1030 527 ὑψηγορίαν,

22 536 24 611 3
72 531 177 615 τόνον,
211 531 342 612 ἔμψυχα
374 530 460 610 πάθη
508 531 694 609 περιουςίαν
726 527 892 609 ἀγχίνοιαν
922 529 1031 612 τάχος,

22 620 24 709 ᾗ
73 617 142 682 ἔνθα
162 617 198 682 δὲ
219 617 350 698 κόριον,
373 616 432 696 τὴν
453 580 570 682 όπαςιν
592 615 768 695 ἀπρόειτον
791 613 959 693 δεινότητα
980 616 1032 679 καὶ

22 716 23 777 3
73 703 208 786 δύναμιν,
225 701 335 781 ἐπειδὴ
352 705 470 781 ταῦτα,
481 700 576 784 φημί,
594 700 640 767 ὡς
657 700 841 781 θεόπεμπτα
858 699 948 765 δεινὰ
970 704 1030 764 δω·

22 784 24 877 ξ
73 787 185 867 ρήματα
210 825 247 837 -
272 784 390 866 οὐγὰρ
406 785 506 852 εἰπεῖν
524 786 654 865 θεμιτὸν
669 786 913 866 ἀνθρώπινα-
928 783 1032 864 ἀθρόα

22 882 24 923 ÷
74 873 102 937 ἐς
120 873 233 939 ἑαυτὸν
255 870 381 954 έςπαςε,
404 872 457 937 διὰ
476 875 575 937 τοῦτο
598 870 648 937 οἷς
670 871 736 952 ἔχει
753 873 864 937 καλοῖς
886 870 1031 937 ἅπαντας

22 934 27 1063 ἱ
73 956 116 1022 όεὶ
140 962 212 1042 νικᾷ
242 959 295 1023 καὶ
321 957 403 1036 ὑπὲρ
430 955 478 1023 ὼν
501 956 561 1022 οὐκ
583 957 665 1042 ἔχει,
692 957 743 1022 καὶ
771 955 907 1036 ὼςπερελ
936 976 1030 1021 κατα-

22 1068 26 1101 1
74 1047 183 1127 βροντᾷ
202 1043 256 1108 καὶ
276 1042 470 1123 καταφλέγει
491 1043 578 1109 τοὺς·
590 1041 646 1108 ἀπ’
668 1041 787 1109 αἰῶνος
802 1042 956 1122 ῥήτορας·
979 1043 1031 1107 καὶ

22 1150 24 1271 h
73 1129 180 1194 θᾶττον
209 1127 250 1193 ἄν
279 1148 326 1193 τις
352 1130 521 1206 κεραυνοῖς
557 1129 752 1209 φερομένοις
778 1128 964 1196 ἀντανοῖξαι
990 1128 1032 1192 τὰ

22 1290 23 1293 ¹
74 1210 187 1293 όμματα
220 1213 353 1279 δύναιτο
386 1213 407 1292 ἢ
441 1212 704 1295 ἀντοφθαλμῆςαι
738 1215 806 1280 τοῖς
838 1212 1032 1293 ἐπαλλήλοις

22 1300 24 1407 ξ
74 1297 186 1366 ἐκείνου
208 1298 352 1366 πάθεςιν.

22 1416 24 1521 j
59 1424 61 1429 ’
147 1422 361 1502 Hermogenes
382 1418 456 1497 περὶ
477 1417 573 1485 ἰδεῶν
595 1420 663 1500 τόμ.
680 1413 708 1501 β’
729 1444 755 1482 α.
779 1424 816 1480 11
840 1442 871 1502 p.
888 1422 948 1482 382
964 1421 1030 1485 W.:

22 1524 24 1581 I
148 1519 183 1586 ‘0
205 1519 237 1585 δ’
257 1519 427 1601 Ὑπερίδης
449 1521 487 1586 τὸ
510 1521 567 1601 μὲν
584 1520 729 1601 ἐπιμελὲς
750 1519 859 1598 ἥκιςτα
880 1519 958 1603 ἔχει,
978 1521 1031 1585 διὸ

22 1622 24 1639 ²
73 1605 117 1670 καὶ
135 1605 232 1686 ἦττον
254 1606 393 1672 δυνατὸς
415 1603 498 1672 εἶναί
520 1627 591 1672 πως
614 1610 714 1684 δοκεῖ,
736 1607 871 1686 μέγεθος
892 1607 929 1670 δὲ
943 1605 1031 1688 αὐτῷ

74 1689 146 1757 ἐςτιν
167 1691 368 1772 ὑπέρογκον,
397 1691 534 1772 ςκληρὸν
562 1694 599 1757 δὲ
627 1696 724 1757 τοῦτο
746 1692 799 1757 καὶ
820 1691 860 1757 οὐ
881 1691 1031 1772 κεκραμέ-

74 1796 136 1861 νον,
148 1777 226 1843 ὥςτε
237 1779 278 1858 μὴ
292 1779 418 1859 ςφόδροι
431 1776 467 1843 εὖ
480 1783 526 1862 τῷ
539 1775 637 1863 ἠθικῷ
649 1779 702 1843 καὶ
712 1783 842 1857 καθορῶ
857 1780 1030 1857 κεκρᾶςθαι,
1105 1848 1107 1850 ,

73 1861 177 1941 κίνηςις
198 1865 236 1928 δὲ
264 1863 317 1928 καὶ
332 1863 490 1942 γοργότης
517 1863 685 1943 ςχημάτων
707 1862 794 1929 πάνυ
822 1844 916 1943 ὀλίγη
943 1864 1032 1942 παρὰ

74 1948 180 2031 τούτῳ,
203 1948 352 2029 δεινότης
374 1951 410 2014 δὲ
431 1949 451 2026 ἡ
474 1949 554 2013 κατὰ
569 1948 710 2029 μέθοδον
725 1948 789 2014 έςτι
804 1949 862 2028 μὲν
877 1949 929 2012 καὶ
942 1949 1032 2028 παρὰ

22 2088 23 2091 ,
74 2036 139 2100 πᾶςι
158 2037 228 2102 τοῖς
254 2031 366 2100 ἄλλοις
393 2033 522 2113 ρήτορςι
548 2034 601 2098 καὶ
628 2033 716 2114 παρὰ
744 2033 866 2116 τούτῳ,
895 2032 1031 2097 ἔλαττον

75 2118 106 2183 δέ
123 2119 142 2200 ἢ
162 2120 244 2187 κατὰ
264 2120 324 2199 τὴν
344 2119 432 2198 παρὰ
453 2125 499 2204 τῷ
521 2119 618 2204 Λυςίᾳ
639 2140 675 2184 τε
696 2117 748 2183 καὶ
769 2117 885 2202 Ἰςαίιμ,
914 2118 965 2180 καὶ
986 2117 1032 2181 ἔτι

75 2209 114 2268 τῶ
134 2204 301 2288 κορυφαίῳ
324 2202 552 2287 αὐτῶν,,λέγω
574 2211 620 2290 τῷ
641 2202 850 2283 Δημοςθένει.
886 2201 976 2283 παρὰ
996 2201 1032 2265 δὲ

76 2269 213 2375 Ὑπερόδῃ
236 2287 386 2368 κάκείνην
407 2288 497 2368 εὕροι
520 2310 566 2355 τις
587 2289 628 2356 ἂν
650 2290 709 2368 τὴν
732 2285 917 2371 δεινότητα,
938 2287 958 2365 ἣ
981 2287 1033 2351 καλ

76 2372 289 2450 φαίνεταικαὶ
316 2372 416 2454 έςτιν,
447 2374 521 2454 οὐχὶ
547 2376 606 2455 τὴν
639 2374 720 2440 κατὰ
748 2372 888 2453 μέθοδον
915 2373 1029 2453 μόνην,

77 2459 201 2525 ςπανίιυς
229 2460 355 2542 μέντοι,
388 2456 474 2523 ὅπου
501 2479 538 2535 γε
565 2460 616 2525 καλ
643 2460 731 2539 παρὰ
758 2463 804 2543 τῷ
833 2458 1031 2538 Δημοςθένει

76 2543 197 2612 ςπόνιον
220 2548 330 2610 τοθτο.
375 2541 461 2610 ἴδιον
489 2545 525 2608 δὲ
552 2540 725 2624 Ὑπερίδου
748 2543 787 2609 τὸ
815 2543 866 2608 καὶ
891 2547 961 2608 ταῖς
983 2544 1031 2607 λέ-

74 2628 146 2697 ξεςιν
178 2629 408 2714 ἀφειδέςτερόν
443 2649 515 2694 πως
549 2629 601 2693 καὶ
638 2629 850 2709 ἀμελέςτερον
888 2631 1030 2709 χρῆςθαι,

75 2709 170 2797 ὥςπερ
197 2717 278 2783 ὅταν
307 2715 537 2795 μονώτατος
564 2714 643 2798 λέγῃ
669 2715 719 2779 καλ
747 2713 949 2793 γαλεόγρα
980 2714 1032 2778 καὶ

22 2816 23 2829 ’
74 2796 317 2869 ἐκκοκκόζειν
338 2801 389 2869 καὶ
411 2799 723 2880 ἐςτηλοκόπητοι
751 2799 803 2865 καὶ
833 2799 1032 2879 ἐπήβολος

22 2888 24 2987 λ
73 2885 117 2949 καὶ
137 2885 194 2953 όςα
213 2890 354 2953 τοιαῦτα.

22 3112 24 3183 ξ
133 3126 324 3193 Hermogenes
341 3123 479 3193 Hyperidi
496 3126 570 3177 Inter
587 3125 727 3192 principes
748 3127 801 3177 ποθ
820 3124 966 3177 πολιτικοθ
985 3124 1031 3177 λό-

22 3250 24 3261 Ι
74 3201 129 3310 ξομ,
146 3200 267 3313 ακοερεῖ
280 3194 476 3275 Qemosthene,
496 3194 611 3312 tertfiusn
628 3194 718 3244 locum
737 3195 873 3261 assignat,
892 3195 1032 3313 ᾟιιθοιγίοῗξ·

74 3277 331 3396 ριὲΐέῗθληθὶῖ
350 3263 503 3396 {XIIII
526 3277 577 3394 {is
589 3267 784 3397 sssssss
800 3263 895 3381 3ξὲοὲ
916 3279 951 3380 λι
969 3276 1032 3406 λλ

21 3438 24 3445 ⁴
74 3395 114 3447 καὶ
130 3398 332 3465 ςυνυφαςμένψ
351 3398 396 3452 καὶ
415 3397 449 3451 οὐ
468 3397 541 3450 κατὰ
557 3398 611 3451 τόν
630 3397 780 3463 Ὑπερίδην
798 3394 953 3460 διεςτηκότι
971 3405 1033 3442 τιον

22 3534 23 3537 ¹
73 3459 170 3531 ιιιων,
188 3473 215 3520 et
231 3484 257 3536 p.
277 3469 327 3521 331
348 3467 380 3519 se
400 3467 485 3532 Lysia
504 3472 533 3519 st
544 3466 701 3533 Hyperide:
719 3465 800 3531 φοςει
818 3463 872 3528 γὰρ
890 3459 917 3513 οι
932 3458 1033 3522 ἄνδρε(

22 3596 24 3619 ἱ
76 3527 243 3605 ἠθικώτερον,
260 3539 323 3590 ταῖς
340 3534 371 3588 δὲ
389 3534 518 3600 μεθόδοις
535 3534 581 3588 καλ
600 3533 716 3599 μᾶλλον.

22 3640 257 3721 juremus
864 3646 879 3680 ⁰
