2467 3942
405 900 763 987 PRAEFATIO.

534 1106 637 1121 ΛΜἎΑΑΑ

1 1317 2 1332 ¹
171 1246 350 1327 Hyperidis
372 1247 545 1307 orationum
566 1253 613 1306 sat
635 1264 779 1325 magnam
797 1254 917 1326 partem
939 1267 1007 1307 oum
1025 1239 1069 1307 lo‘·

90 1332 272 1412 cupistibus
293 1331 422 1392 scholiis
437 1331 530 1392 etiam
543 1329 633 1392 XVI.
649 1331 771 1392 saeculo
786 1329 896 1392 Budas
911 1333 945 1390 in
959 1332 1069 1392 biblio-

90 1416 187 1477 theca
206 1417 361 1477 Matthiae
377 1414 505 1477 Corvini
519 1418 600 1495 regis
623 1417 776 1477 exstitisse
798 1418 962 1477 memoriae
976 1417 1071 1477 tradi-

1 1523 2 1526 *
92 1510 162 1562 tum
182 1511 245 1578 est3
262 1502 319 1562 sed
337 1507 505 1581 antequam
522 1500 597 1562 inde
613 1502 648 1561 in
664 1503 764 1563 lucem
782 1500 957 1582 prodirent,
981 1510 1072 1582 capta

93 1587 176 1646 urbe
198 1609 217 1647 a
237 1587 348 1647 Turris
376 1609 404 1647 a.
435 1586 517 1646 1⁵26
542 1585 762 1649 bibliothecam
782 1586 867 1647 illam
892 1585 1071 1649 barbaricus

1 1747 2 1752 η
94 1671 188 1732 furor
210 1671 391 1751 absumpsit.
431 1670 557 1732 Paucae
583 1690 622 1732 ex
648 1673 768 1752 magnis
795 1672 893 1752 copiis
920 1672 1071 1752 reliquiae

94 1765 254 1831 servatae,
280 1758 392 1838 partim
413 1754 634 1818 Vindobonam
662 1765 851 1838 asportatae,
878 1759 991 1837 partim
1015 1776 1072 1837 per

94 1841 294 1921 Hungariam
309 1842 481 1922 dispersam
498 1850 530 1903 et
543 1841 716 1923 Hyperidis
730 1842 884 1922 quaedam
898 1843 1073 1922 fragmenta

54 1942 62 1953 ‘
99 1926 186 2007 apud
203 1926 335 1987 Paulum
349 1926 565 1988 Bornemizam
579 1929 735 2008 quendam
748 1926 931 2008 Hungariae
954 1928 1071 2007 episeo-

1 2035 2 2044 ¹
98 2031 176 2091 pum
197 2020 317 2073 exstare
339 2013 372 2072 in
395 2011 528 2074 Gesneri
549 2012 757 2074 bibliothecae
780 2013 969 2074 editionibus
992 2032 1072 2092 quae

99 2106 172 2176 post
193 2118 222 2158 a.
246 2098 328 2157 1545
350 2097 533 2178 prodierunt
552 2098 678 2178 legitur.
721 2097 766 2157 At
793 2116 896 2177 neque
923 2097 1001 2158 haee
1022 2116 1071 2156 us·

100 2201 162 2261 que
183 2180 329 2243 adhunc
351 2182 433 2243 diem
454 2192 701 2264 comparuerunt,
726 2200 829 2261 neque
845 2181 973 2240 aliunde
988 2183 1071 2260 quio·

99 2285 194 2346 quam
214 2266 306 2328 huius
329 2269 457 2328 oratoris
481 2266 653 2346 erutum*),
679 2265 779 2327 donee
800 2266 945 2346 proximis
967 2266 1072 2325 lustris

99 2353 259 2431 insperato
279 2362 421 2433 'prorsus
460 2372 499 2414 ex
527 2352 695 2435 Aegyptiis
727 2348 846 2412 Thebis
879 2351 963 2411 haud
1000 2371 1071 2410 oon·

99 2436 270 2499 temnenda
290 2457 363 2517 pars
384 2435 556 2519 Hyperidis
579 2456 707 2518 operum
729 2437 850 2518 prolata
872 2444 929 2497 est.

185 2521 351 2600 Ingentem
377 2524 440 2584 vim
467 2522 659 2583 voluminum
686 2540 930 2604 papyraceorum
951 2523 984 2581 in
1009 2520 1071 2580 Ae·

100 2615 198 2688 gypto
220 2608 334 2686 passim
354 2626 412 2687 per
432 2607 575 2689 sepulura
596 2607 756 2669 inventam
784 2628 851 2669 esse
876 2608 1072 2684 invenirique

99 2699 210 2752 notum
232 2701 290 2766 est,
319 2692 376 2753 sed
403 2712 509 2753 eorum
535 2694 630 2773 longe
657 2694 790 2754 maxima
818 2710 889 2772 pers
911 2691 991 2750 nihil
1011 2691 1073 2750 nisi

97 2774 224 2836 libellos
245 2777 331 2836 vario
354 2786 535 2859 argumento
558 2778 598 2838 de
619 2779 747 2857 privatis
769 2777 861 2838 rebus
883 2777 1073 2856 conscriptos

98 2862 254 2935 eontinet,
277 2882 378 2941 pauca
400 2862 567 2923 admodum
589 2882 718 2942 operum
732 2863 916 2942 scriptorum
937 2870 1072 2922 vetusto·

179 3043 208 3107 ²⁸)
230 3045 273 3095 De
296 3044 340 3097 his
363 3047 446 3098 rebus
469 3046 596 3098 omnibus
625 3046 661 3097 ei.
689 3044 840 3112 Kiessling.
864 3044 1016 3097 comment.
1041 3045 1075 3096 de

96 3111 239 3180 Hyper.1
260 3127 286 3178 p.
305 3116 335 3174 93
362 3114 532 3181 Babington.
554 3114 672 3167 Journal
694 3115 726 3165 oi
746 3113 876 3166 elassieal
897 3112 953 3164 and
976 3114 1074 3165 sacred

97 3179 246 3247 philology
262 3181 277 3232 I
294 3197 321 3247 p.
339 3182 399 3237 sot.
446 3184 490 3235 De
508 3181 559 3234 illo
577 3181 677 3237 codiee
693 3182 818 3234 Budensi
833 3182 861 3236 J.
880 3181 912 3233 Δ.
931 3182 1075 3234 Brassica·

98 3263 154 3299 nus
176 3247 277 3298 tradit:
301 3249 480 3316 „vidimus“‚
500 3251 607 3316 inquit,
631 3251 796 3317 „integrum
818 3249 991 3318 Hyperidem
1013 3264 1074 3299 oum

97 3315 330 3382 locupletissimis
352 3317 478 3380 scholiis,
501 3318 601 3369 librum
623 3318 718 3370 multis
741 3318 825 3370 etiam
848 3318 978 3369 censibus
1001 3315 1074 3365 redi-

97 3382 260 3438 mendum“.
289 3384 323 3435 In
335 3384 453 3439 Gsmsri
463 3386 594 3439 biblioth.
614 3402 635 3438 s.
648 3403 674 3439 v.
691 3385 850 3453 Hyperides
861 3385 976 3451 legitur:
996 3383 1071 3448 „Hy-

99 3451 208 3519 peridis
225 3452 381 3518 fragmenta
399 3454 536 3520 quasdam
554 3455 710 3506 orationum
734 3458 848 3507 exstant
866 3451 940 3517 apud
957 3449 1074 3500 Paulum

98 3519 268 3571 Bornemiza
285 3522 445 3588 episcopum
462 3524 492 3575 in
504 3522 679 3589 Hungaria“.
995 3562 997 3565 ·
