2467 3942
434 175 645 226 susurrum.
963 165 1027 229 XV

23 338 25 383 l
74 336 111 396 tia
129 337 160 395 in
181 333 333 415 epitaphii
354 332 435 394 libro
456 334 484 394 si
505 354 570 401 non
592 332 760 408 crebriora,
784 334 925 397 foediora
945 346 1028 397 certe

23 390 25 509 l
71 420 153 480 multo
174 440 266 499 quam
286 421 320 478 in
343 418 442 479 altero
465 419 671 499 reperiuntur.

144 504 195 565 Ad
216 504 433 567 auctoritatem
453 512 557 564 autem
578 506 740 583 utriusque
754 503 839 584 qnod
854 505 966 565 attinet
980 505 1026 565 in·

23 600 25 675 t
73 599 293 669 corruptamque
320 588 414 649 fidem
444 584 529 665 (nam
556 589 616 649 ista
643 587 772 669 quidem
798 590 937 669 quumvis
964 591 1027 649 sint

23 678 25 731 i
71 675 143 749 vitia,
164 675 283 735 leviora
304 683 387 734 certe
409 682 482 734 sunt
502 692 646 753 quaeque
667 676 823 735 neminem
840 694 1028 753 magnopere

23 752 25 835 ξ
72 758 226 839 morentur)
256 759 388 839 primum
415 759 550 819 omnium
578 768 663 821 aetas
691 759 831 821 codicum
856 758 1028 839 spectanda

23 868 25 909 1
72 853 117 905 est.
153 845 200 904 Ac
226 845 267 905 de
292 844 484 904 iudicialium
506 843 633 922 quidem
657 845 751 906 trium
775 845 949 905 orationum
975 863 1026 904 ex·

23 920 25 991 i
72 930 159 1009 amplo
181 928 340 1010 Sauppius
361 929 549 991 sententiam
565 927 667 1003 dedit,
689 950 755 990 non
776 929 877 991 videri
902 928 936 989 id
957 937 1028 1008 post

23 998 29 1083 l
71 1014 193 1075 medium
211 1014 372 1076 saeculnm
397 1013 570 1075 secundum
594 1022 668 1076 ante
691 1012 764 1077 Chr.
787 1024 894 1076 natum
922 1013 1027 1077 confe-

24 1100 30 1139 l
71 1107 142 1159 otum
161 1119 238 1163 esse.
283 1097 410 1178 Colligit
430 1098 490 1160 hoc
511 1118 552 1159 ex
572 1100 802 1178 comparatione
823 1099 953 1160 aliorum
974 1118 1027 1158 vo·

71 1182 220 1258 luminum,
258 1204 388 1263 quorum
414 1193 499 1247 aetas
527 1185 640 1244 certius
671 1184 792 1245 deliniri
821 1191 940 1264 potest,
970 1184 1027 1242 ita·

73 1286 124 1346 que
140 1270 239 1329 virum
259 1268 384 1330 doctum
403 1268 438 1331 J.
460 1268 497 1332 B.
519 1267 682 1348 Lightfoot
700 1289 894 1331 assensorem
918 1276 1027 1328 nactus

23 1420 25 1435 y
73 1362 119 1412 est
157 1354 237 1415 Nam
264 1353 420 1433 Babingto
449 1352 574 1433 quidem
605 1355 721 1432 primus
753 1353 854 1415 editor
880 1353 1028 1414 incertius

23 1444 25 1521 Ξ
73 1434 206 1499 iudicium
225 1439 360 1518 profert:
388 1438 535 1518 proximis
567 1437 687 1499 duobus
714 1439 766 1500 vel
791 1447 865 1499 ante
886 1439 937 1498 vel
958 1446 1029 1516 post

23 1524 24 1575 ὲ
75 1518 213 1584 Christum
234 1532 343 1584 natum
364 1524 494 1584 saeculis
517 1523 666 1603 scriptum
688 1542 766 1584 esse.
800 1522 963 1604 Epitaphii
977 1543 1027 1582 cc·

23 1624 25 1677 g
75 1605 159 1671 dicem
171 1608 255 1669 idem
268 1609 316 1669 vir
330 1606 447 1683 doctus,
464 1609 655 1669 assentiente
669 1607 817 1689 Sauppio‚
842 1608 883 1668 ad
897 1607 1028 1669 alterum

74 1701 133 1769 poet
146 1691 216 1753 (ihr.
237 1701 346 1755 natum
359 1693 518 1757 sacculum
532 1694 636 1768 refert,
660 1695 787 1774 propius
809 1702 913 1753 tamen
928 1692 1026 1771 primo

23 1812 25 1819 ›
75 1793 153 1853 quam
170 1779 271 1840 tertio.
314 1778 365 1839 Dc
394 1798 431 1839 eo
457 1778 517 1839 hoc
544 1768 668 1858 quoque
694 1799 759 1840 non
786 1777 1025 1857 neglegendum,

23 1880 25 1883 ·
75 1861 145 1938 quod
168 1863 200 1922 in
227 1872 316 1943 tergo
344 1864 410 1924 eius
438 1863 624 1942 astrologica
647 1863 801 1944 quaedam
823 1863 863 1924 de
885 1862 1028 1942 genitura

76 1947 266 2011 consimilibus
286 1948 398 2008 litteris
419 1949 535 2028 scripta
555 1957 636 2022 sunt,
661 1958 692 2009 et
712 1948 843 2010 inferius
863 1947 926 2008 alia
940 1966 1027 2027 pror·

75 2048 117 2090 sus
136 2031 253 2095 diverso
276 2053 392 2113 genere
417 2034 590 2113 scripturae
619 2034 808 2113 cognituque
836 2032 1026 2104 difficillimo,

23 2120 25 2157 ἱ
76 2114 143 2176 adeo
160 2128 193 2179 ut
212 2118 262 2179 vir
284 2117 391 2178 doctus
414 2117 568 2180 Goodwin
587 2117 781 2198 Aegyptiam
800 2119 939 2196 linguam
960 2134 1028 2176 esse

77 2208 157 2276 putet.
196 2202 385 2263 Huiusmodi
411 2211 514 2263 autem
541 2204 723 2283 scripturam
751 2211 783 2263 et
803 2201 1028 2279 Euxenippeae

77 2282 216 2364 inscriptio
237 2296 389 2349 monstrat
409 2297 441 2349 et
462 2288 615 2367 quaedam
642 2287 705 2348 alia
724 2285 921 2366 Aegyptiace
941 2284 1027 2345 volu·

77 2369 153 2444 nina,
175 2392 254 2452 quae
276 2374 391 2453 partim
403 2373 652 2435 Ptolemaeorum
673 2379 816 2446 aetatem,
839 2372 953 2451 partim
965 2369 1026 2429 Ro·

23 2492 24 2541 3
76 2472 180 2516 nauem
200 2457 347 2537 produnt.
390 2458 609 2520 Recentiorem
634 2477 702 2519 essa
729 2457 842 2519 librum
868 2456 966 2516 altero
990 2475 1029 2516 ex

79 2555 120 2612 eo,
145 2543 224 2620 quod
253 2542 406 2605 deteriora
432 2544 466 2602 in
488 2562 525 2604 eo
553 2551 626 2604 sunt
648 2543 765 2617 omnia,
793 2541 937 2602 concludi
963 2560 1028 2599 non

23 2624 25 2707 i
76 2640 151 2698 posse
164 2646 217 2687 suo
233 2628 301 2688 iure
318 2626 546 2707 Comparettius
560 2626 736 2706 coutendit3
761 2628 866 2705 itaque
888 2626 915 2685 si
929 2625 1025 2698 illum,

76 2703 291 2792 huncquoque
318 2713 409 2774 alteri
436 2734 466 2775 a.
491 2712 564 2773 Ohr.
586 2713 709 2774 saeculo
738 2710 913 2773 adscribere
933 2709 1028 2772 licere

75 2801 159 2869 putat,

23 2876 24 2889 ²
148 2879 235 2960 Quae
246 2903 315 2943 cunr
326 2882 371 2943 ita
380 2882 452 2954 siut,
469 2883 654 2963 antiquitate
668 2890 798 2961 uterque
812 2880 892 2941 liber
905 2887 1029 2960 praeter

23 2974 26 3011 t
76 2979 167 3025 omues
187 2966 252 3028 fere
273 2975 424 3047 quotquot
442 2966 591 3028 habemus
611 2968 689 3027 alios
704 2966 887 3045 conspicuus
910 2973 971 3041 est3
996 2971 1028 3023 at

23 3044 25 3131 i
76 3047 202 3111 nimirum
223 3072 288 3112 non
309 3050 377 3111 sola
403 3052 572 3131 antiquitas
593 3052 764 3112 bonitatem
789 3050 1029 3111 fidemvefacit.

23 3136 25 3207 l
77 3127 156 3208 Quod
176 3145 283 3196 contra
305 3138 399 3198 etiam
412 3144 487 3217 puto
501 3137 727 3216 Euxenippeae
747 3135 861 3196 librum
882 3154 937 3195 suo
951 3141 1027 3194 tem·

23 3220 25 3301 l
76 3232 138 3292 pore
157 3221 238 3283 inter
257 3219 404 3300 vulgares
424 3221 535 3296 fuisse,
567 3223 698 3284 alterum
724 3240 798 3282 vero
825 3220 920 3300 plane
947 3220 1029 3278 inter

23 3314 25 3383 ς
77 3298 251 3367 deterrimos.
287 3306 446 3367 Alcmanis
469 3316 551 3368 certe
568 3308 777 3386 fragmentum
789 3303 1026 3385 Aegyptiacum,

23 3388 25 3445 l
77 3393 199 3463 quamvis
219 3392 332 3452 litteris
352 3392 478 3453 minime
500 3392 590 3454 claris
615 3390 850 3472 elegantibusve
872 3388 1026 3464 scriptum,

23 3480 24 3551 f
78 3468 229 3539 doctiorem
249 3485 355 3538 tamen
376 3497 501 3559 manum
525 3477 630 3556 prodit
654 3475 836 3554 mendisque
858 3473 954 3531 ferme
980 3490 1027 3529 ca·
