2467 3942
174 164 217 229 70
505 156 805 215 Αττοτπατωατια.

261 330 309 395 16.
334 328 459 406 nonas
486 328 560 397 ἀντὶ
587 331 648 396 τοῦ
675 328 806 410 πράτεττ
834 327 905 394 Ὑπ.
934 328 1038 414 ἐντῷ
1061 330 1146 410 πρὸτ

175 418 241 483 Ἀττ.
265 453 304 462 -
326 414 446 501 Harp.,
469 413 512 479 of.
537 413 628 479 said.
651 412 746 481 Phot.

153 586 174 626 v
217 568 277 639 vl.
299 567 379 634 VII.
423 568 513 634 ΚΑΤ’
534 566 794 633 ΑΡΙΕΤΑΓΟΡΑ(
815 566 1103 661 ΑΠΡΟΕΤΑΕΙΟΥ.
1221 642 1222 675 3

598 668 634 723 λὸ
653 684 679 722 οι
715 662 729 721 ’.

171 831 174 838 .
261 774 312 837 17.
327 769 432 836 Ὥστε
446 771 533 847 Λαῒς
546 769 610 859 μὲν
631 683 653 852 :j
668 670 820 835 δτῗκρῦσα
840 773 911 835 τῶν
925 768 1061 837 πώποτε
1076 771 1149 837 διε-

174 854 355 941 νηνοχέναι
375 852 438 939 τὴν
461 852 542 935 ὄψιν
564 853 621 920 καὶ
632 853 779 939 Ὤκιμον
801 854 859 920 καὶ
873 855 1080 940 Μετάνειρα.
1105 895 1147 906 -
1222 922 1223 927 ,

174 944 254 1011 Ath.
278 939 369 1006 XIII
389 963 423 1026 p.
445 939 507 1005 587
531 938 568 1005 Ο.
594 940 645 1025 (ἐν
667 947 713 1025 τῷ
735 941 803 1006 κατ’
824 941 887 1022 Ἀρ.
903 942 945 1026 β’)
968 940 1011 1007 ef.
1026 939 1091 1006 588
1107 942 1147 1006 Ο.

262 1025 312 1090 18.
341 1026 413 1092 Ὅτι
441 1024 542 1107 χιλίας
570 1025 760 1108 ἐζημιοῦντο
793 1025 827 1092 αἱ
853 1027 935 1093 κατὰ
961 1028 1020 1092 τὰ(
1047 1026 1150 1094 ὁδοὺε

175 1113 368 1262 ἀκρτῙρΙτοῦεαι
395 1113 545 1188 γυναῖκες
573 1109 621 1176 Ὑ.
653 1110 688 1178 ἐν
716 1117 762 1194 τῷ
784 1111 852 1178 κατ’
874 1111 936 1191 Ἀρ.
959 1110 987 1192 β’
1008 1109 1147 1193 εἴρηκεν.

177 1236 215 1245 ...
274 1217 311 1262 ar
336 1245 343 1258 ι

262 1218 577 1363 19.ΡἈπροστασίρν
599 1279 689 1346 εἶδος
710 1281 798 1362 δίκη(
819 1281 900 1347 κατὰ
921 1286 988 1349 τῶν
1005 1282 1148 1361 προετά-

174 1389 234 1448 την
256 1369 297 1447 μὴ
320 1366 486 1447 νεμόντων
502 1366 659 1447 μετοίκων
684 1403 722 1413 -
740 1402 779 1412 -
803 1364 851 1431 Ὑ.
874 1366 911 1432 ἐν
933 1373 979 1450 τῷ
998 1367 1068 1432 κατ’
1083 1367 1147 1448 Ἀρ.

175 1453 250 1532 ἀπρ.
274 1452 310 1532 β’.
333 1487 371 1496 -
394 1448 555 1535 Ηατραατ.

260 1534 313 1599 20.
342 1572 381 1580 -
411 1571 450 1581 -
479 1534 649 1617 Ὑπερίδης
684 1535 720 1603 ἐν
750 1542 797 1620 τῷ
824 1536 896 1602 κατ’
922 1535 1149 1618 Ἀριεταγόρατ

175 1619 391 1700 ἀπροεταείον
414 1620 441 1701 β’
463 1621 561 1701 φηεὶν
585 1621 631 1686 ὡς
654 1619 685 1686 οἱ
706 1620 801 1702 νόμοι
829 1620 992 1691 κελεύοντι
1014 1626 1148 1703 διαμαρ·
1225 1690 1226 1693 ,

174 1709 283 1786 τυρεῖν
310 1705 363 1771 ἐπὶ
388 1707 458 1772 ταῖς
485 1709 629 1788 γραφαῖς
659 1707 728 1771 ταῖς
759 1709 819 1771 τοῦ
846 1704 1060 1786 ἀπροτταείον
1088 1707 1149 1773 τὸν

176 1790 379 1872 βουλόμενον
409 1790 530 1871 ὁμοίως
558 1797 626 1856 των
653 1791 757 1859 ξένων
784 1792 927 1858 καὶτῶν
955 1792 1147 1871 ἐπιχωρίων.

176 1914 218 1923 -
239 1874 343 1960 Harp.
367 1896 393 1938 s.
416 1897 449 1938 v.
473 1875 689 1956 διαμαρτυρία.

260 1958 312 2024 21.
335 1958 442 2026 Τίνων
464 1960 493 2024 δ’
515 1959 575 2026 οὐκ
597 1959 671 2042 ἐξῆν
693 1962 763 2026 τοῖα
784 1960 895 2027 νόθοι(
915 1959 1069 2045 μετέχειν,
1094 1965 1148 2028 δε-

174 2047 320 2126 δήλωκεν
341 2043 413 2111 Ὑπ.
436 2064 471 2111 τε
493 2044 530 2111 ἐν
552 2051 598 2128 τῷ
626 2045 694 2111 κατ’
715 2045 778 2127 Ἀρ.
801 2045 836 2129 β’.
864 2083 907 2093 -
933 2043 1038 2130 Harp.
1062 2067 1088 2110 s.
1112 2069 1146 2112 v.
1226 2036 1227 2099 1

174 2133 303 2212 νοθεϊα;
326 2128 369 2195 ef.
394 2128 484 2195 Suid.
508 2129 603 2195 Phot.
627 2151 652 2194 s.
676 2151 709 2196 v.
742 2213 745 2217 Ι

258 2214 311 2278 22.
340 2215 503 2299 Πωληταὶ
529 2217 582 2281 καὶ
609 2215 824 2296 πωλητήριον.
862 2215 893 2281 οἱ
918 2217 977 2297 μὲν
999 2217 1150 2295 πωληταὶ

176 2299 273 2447 ἀρχήΗ
281 2301 328 2365 τί(
350 2299 433 2367 ἐςτιν
455 2300 601 2417 Ἀθήνητι
628 2338 671 2347 -
698 2300 771 2366 Ὑπ.
801 2300 849 2367 ἐν
865 2307 912 2386 τῷ
934 2300 1002 2365 κατ’
1022 2300 1087 2381 Ἀρ.
1111 2294 1148 2381 β’.

274 2404 294 2447 a
336 2429 344 2445 .

258 2405 525 2550 23ῬΦαλάγγια.
562 2467 635 2534 Ὑπ.
650 2468 686 2536 ἐν
701 2476 748 2556 τῷ
763 2469 831 2535 κατ’
844 2469 907 2550 Ἀρ.
923 2470 959 2551 β’.
975 2506 1017 2519 -
1037 2466 1144 2556 Harp.

259 2549 311 2616 24.
332 2548 422 2615 Ἐπεὶ
443 2549 501 2616 καὶ
522 2545 614 2636 ὁτῆς
630 2552 833 2637 δωροξενίας
846 2554 951 2639 νόμος
965 2550 1147 2636 ἁρμόττων

176 2635 249 2701 ἐστὶ
277 2639 324 2721 τῷ
351 2639 420 2700 νῦν
448 2632 556 2718 ἀγῶνι
582 2643 816 2723 παραχθῆναι·
847 2638 964 2723 &lydo
986 2635 1149 2715 καὶτοὺς

173 2717 417 2802 ἀποφυγόντας
438 2720 550 2798 ξενίας
572 2726 709 2808 εἴρηκεν
731 2723 857 2801 ἐξεῖναι
877 2727 925 2809 τῷ
946 2720 1147 2809 βουλομένῳ

176 2945 207 2995 16
225 2940 384 2995 ἀπαλλαῑον
401 2940 457 2994 ΒΟ.
483 2970 519 2981 -
544 2947 576 2996 17
595 2942 758 3011 Μετάνειρα
775 2944 1015 3012 Βαρνρίρὶιῑὶτρρτς
1045 2943 1147 2997 Μ-αν

175 3011 247 3063 libri.
269 3037 303 3049 -
326 3014 359 3063 19
376 3009 547 3078 ἀριτταγὸρα
564 3013 597 3076 Β,
615 3012 800 3078 ἀριεταγόρρν
818 3013 875 3065 ΑΒ.
893 3040 928 3050 -
945 3015 979 3065 20
995 3011 1147 3078 ἀριεταγὸ-

172 3094 225 3144 ρου
244 3079 321 3142 ΑΒΙ,
340 3077 525 3144 ἀριετογόνου
543 3081 576 3134 Ν.
603 3109 639 3118 -
663 3077 835 3135 ἀπρεταείαν
852 3081 883 3131 Β.
909 3107 943 3117 -
969 3078 1105 3147 δευτέρου
1122 3081 1146 3142 Ι,

174 3162 227 3201 om.
246 3147 329 3202 ΑΒΝ.
358 3175 393 3184 -
421 3150 453 3199 22
477 3149 531 3200 huc
551 3148 652 3201 retulit
669 3150 697 3202 8.
721 3150 825 3202 Saldae
850 3152 880 3200 et
895 3148 992 3201 Photii
1009 3148 1145 3217 glossam:

173 3211 372 3283 πωλητήριον·
389 3214 425 3268 τὸ
442 3213 611 3282 πρατήριον.
636 3215 730 3270 οὕτω(
748 3214 911 3284 Ὑπερίδης,
935 3220 1032 3271 contra
1050 3218 1146 3270 Κίρτα-

172 3283 234 3350 ling
252 3283 289 3335 ad
307 3285 460 3355 orationem
478 3284 543 3336 adv.
562 3284 736 3353 Apellaeum.
765 3312 798 3325 -
828 3287 861 3339 23
883 3286 956 3337 beno
974 3285 1147 3352 comparavit

172 3350 200 3403 S.
219 3352 292 3404 Xen.
312 3368 407 3403 comm.
425 3350 503 3404 Socr.
517 3354 542 3416 1,
555 3355 580 3417 3,
593 3356 636 3418 12,
653 3369 736 3420 quem
751 3353 842 3406 laeum
860 3357 889 3404 et
905 3352 994 3421 Harp.
1010 3353 1146 3405 affort.—

173 3420 208 3468 24
229 3421 259 3470 in
280 3420 409 3473 lemmate
431 3418 618 3485 ἀριεταγόρον
640 3422 776 3540 ριοτὶτῖττα.
810 3418 997 3487 ὲατ1]ὲπίΔ
1019 3449 1054 3459 -
1075 3433 1146 3487 πρα-

173 3487 273 3551 χθῆναι
291 3490 326 3543 N.
352 3515 387 3526 ·-
412 3484 506 3541 ξενία(
523 3504 575 3540 om.
596 3489 630 3540 c.
652 3514 686 3528 -
707 3502 722 3542 ε
733 3485 832 3555 ρηκεν]
856 3486 953 3542 ἕνεκεν
971 3488 1029 3542 ΒΟ.
1051 3516 1086 3528 ·-
1106 3487 1146 3542 δτ-
