2467 3942
356 240 451 296 ΥΠΕΡ
469 236 711 296 ΕΥΞΕΝΙΠΠΟΥ.

47 427 150 489 τιτορα
169 411 270 477 ὄντα
292 411 425 487 λέγειν
532 431 584 492 αν,
607 409 737 489 ἰδιώτην
759 410 789 473 δ’
811 408 892 474 ὄντα

71 497 108 577 μὴ
124 498 165 560 τὰ
186 497 327 576 ἄριττα
347 501 399 580 τῷ
421 496 488 573 δή·
535 496 651 575 κρίνειε
673 494 709 559 ἐν
731 500 770 578 τῇ
790 499 851 559 τοῦ
874 495 928 574 ῥή-

70 602 113 662 μιρ
130 589 178 664 τῷ
200 580 418 661 Ἀθηναίων
534 599 632 659 τοροτ
653 579 754 645 τάξω
775 615 819 625 -—
840 582 934 660 μικρὰ

70 667 233 746 χρήματα
253 665 476 747 λαμβάνον·
534 667 570 729 δὲ
591 664 666 743 περὶ
686 667 743 741 τῆς
765 663 913 742 ἀντιγρα-
1018 680 1044 719 25

68 769 103 812 τα
120 753 178 815 καὶ
200 751 354 830 δωρεὰ(
375 750 480 826 παρὰ
536 752 601 829 φῆ(
624 748 725 813 εἰπὼν
747 747 858 827 ἑτέρα(

41 837 132 900 λιτῶν
152 832 344 900 τάναντία
369 834 491 912 πράτ·
535 833 634 898 αίτία(
655 834 708 897 καὶ
729 830 912 917 διαβολὰτΙ

68 917 278 1004 τόντωντῷ
301 920 422 999 δήμῳ·
534 918 620 997 ἦκειτ
642 917 755 997 φέρων
777 918 844 982 κατ’
866 917 923 983 αὐ·
1019 930 1068 972 xm

68 1004 110 1066 καὶ
128 1004 195 1068 οὐδ’
218 1006 322 1069 οὕτω(
344 1003 421 1067 ἀπέ-
534 1007 604 1085 τοῦ,
628 1039 667 1049 -
692 1001 797 1079 λέγων
820 1002 866 1067 ὡς
887 1002 985 1068 Φιλο-

29 1106 30 1109 ’
67 1089 149 1166 χρητέ
169 1111 222 1169 μοι
243 1090 302 1166 τὴν
324 1086 406 1171 εἷο-Ι
534 1089 603 1151 κλεῖ
624 1088 681 1164 τὴν
705 1087 863 1164 θυγατέρα
886 1088 916 1152 ἐ-

33 1173 203 1247 λῐιιγγελίαν
225 1177 355 1255 δοῦναι,
489 1245 492 1248 ,
535 1172 627 1237 δίδου
649 1171 702 1235 καὶ
721 1170 890 1249 Δημοτίω-

68 1255 127 1321 ἀλλ’
146 1257 296 1322 ὑποκάτω
318 1257 416 1335 παρέ·
534 1276 592 1322 νοτ
614 1256 739 1319 δίαιταν
761 1254 887 1339 ἔλαβεν,
1030 1271 1043 1311 5

66 1360 177 1421 γραψα·
190 1343 269 1407 τάδ’
285 1341 403 1407 εἶπεν
418 1339 465 1406 οὐ
476 1340 521 1405 τὰ
535 1342 587 1406 καὶ
608 1339 708 1404 ἄλλοτ
729 1339 881 1405 τοιαύτας

69 1424 189 1532 ἄρατο
210 1434 262 1509 τῷ
284 1428 393 1530 δήριρ
535 1426 737 1506 κατηγορίαι,
756 1424 801 1505 ἵν’
822 1424 881 1489 ἐὰν
904 1426 961 1504 μέν

50 1515 430 1675 5ίίὲλίὶῗὲ,ιέιίῗίῗίλ.
534 1507 911 1672 ίδίίῗέεὲίὲλίίέλ
1066 1680 1070 1686 s

68 1684 116 1744 τοῦ
130 1679 314 1760 ὑπέγραψα·
332 1715 370 1724 -
386 1680 439 1745 καὶ
453 1677 514 1743 πτί-
535 1682 594 1743 τοῦ
616 1678 805 1758 πράγματα(
826 1696 919 1758 κατη-
1020 1694 1044 1734 10

69 1765 125 1828 λιν·
146 1764 238 1833 τάδε
260 1763 375 1829 εἶπεν
398 1760 444 1828 οὗ
466 1763 513 1828 τὰ
534 1764 740 1842 γορηθέντων
767 1762 890 1827 ἀπολο-

69 1845 190 1925 ἄριιτα
210 1856 262 1933 τῷ
284 1849 389 1932 δήμῳ
411 1849 501 1927 χρή·
534 1851 666 1930 γῶνται,
689 1849 871 1913 ἀπαντῶτιν

42 1950 153 2010 ιιματα
174 1935 318 2016 λαβών,
342 1934 393 1997 καλ
414 1934 452 1997 τὸ
534 1933 647 1997 αὐτοῖς
668 1931 701 1997 οἱ
723 1933 876 1996 δικατταί·
899 1932 928 1996 τί

70 2017 198 2097 ψήφιιμα
219 2019 380 2096 παρέγρα-
523 2017 624 2081 ταῦθ’
638 2016 715 2096 ἡμῖν
731 2016 855 2093 λέγετε;
870 2054 914 2063 -
934 2017 991 2082 ἐὰν

69 2121 133 2180 φον.
152 2104 202 2168 καὶ
224 2103 287 2167 icti
308 2123 362 2182 μοι
383 2120 460 2166 πεν-
535 2102 570 2166 δὲ
593 2102 715 2179 μηδένα
737 2101 838 2175 λόγον
1019 2114 1044 2154 15

69 2185 179 2265 τάκιτῆ
201 2187 304 2254 ἑξάκις
324 2189 423 2252 τοῦτο
534 2185 606 2265 περὶ
628 2184 737 2269 αὐτῶν
759 2189 877 2249 ποιῶν-

70 2273 289 2352 γεγραμμένον·
313 2270 409 2335 δίκαι·
534 2290 596 2353 ται,
618 2268 638 2334 δ
661 2269 752 2345 ἀγὼν
773 2268 887 2333 αὐτοῖς
908 2266 970 2346 χεί-

44 2370 61 2409 1⁵
70 2373 102 2417 ον
120 2358 179 2435 γὰρ
199 2358 290 2440 ιζίιμην
312 2359 381 2421 δεῖν
535 2375 602 2432 ρων
624 2354 762 2432 γίνηται·
785 2353 935 2432 τῶνγὰρ

70 2437 117 2503 τὸν
136 2439 245 2517 ἀγῶνα
266 2442 320 2504 καὶ
339 2441 397 2518 τὴν
420 2438 483 2517 κρί-
535 2439 823 2518 κατηγορηθέντων

71 2541 108 2587 τιν
120 2530 252 2605 ποιῆται.
267 2560 310 2571 -
325 2525 361 2589 τὺ
377 2524 405 2588 δ’
420 2524 441 2588 ἃ
456 2525 515 2604 μέν
535 2524 573 2589 τὸ
596 2526 636 2604 μὴ
660 2524 761 2603 λαβὸν
782 2523 907 2588 ἀπολο-
1018 2536 1044 2576 2⁰

70 2606 156 2675 εἰπεῖν
177 2610 376 2678 Εὐξένιππον
535 2609 609 2685 γίαν
632 2607 696 2672 ὑπὸ
718 2614 757 2690 τῇ
784 2607 865 2690 ὀργῇ

70 2693 123 2771 φὴ(
142 2695 180 2759 οὐ
201 2696 242 2760 τὰ
260 2693 375 2773 ,ἄριττα
395 2698 442 2777 τῷ
537 2697 602 2758 τῶν
626 2695 782 2757 δικαιτῶν
803 2711 897 2757 κατα-

41 2776 145 2863 νδήμιρ
166 2779 225 2844 οὐκ
245 2778 333 2857 εἶχε(
354 2778 429 2856 γρά-
537 2776 715 2860 λ(ε)ίπεται.
733 2813 771 2822 -
788 2778 840 2841 καὶ
859 2777 898 2841 τὸ
916 2776 997 2841 πάν-

70 2880 118 2937 ψαι
137 2863 178 2929 εἰ(
199 2865 258 2943 τὴν
281 2863 451 2940 εἰιαγγελί-
535 2882 601 2926 των
625 2861 844 2946 δειν(ότ)ατον
866 2867 933 2926 τῶν

94 3017 256 3026 Ἢ

68 3111 198 3170 Ιίλαᾶίαοια
215 3117 387 3185 praeferens.
404 3142 440 3155 -
455 3077 490 3168 24
506 3115 596 3180 δωρε(
613 3115 638 3166 Α
656 3132 697 3182 pr.
715 3143 749 3152 -
763 3117 800 3165 ⁴26
817 3115 899 3180 δημω
917 3116 949 3167 Α.

124 3199 180 3253 001.
197 3203 257 3253 XL.
294 3205 308 3252 1
326 3215 366 3254 εικ
374 3199 644 3265 ογγελιανανδουναι
661 3200 692 3250 Α.
719 3225 753 3237 -
779 3203 855 3251 4πω
873 3202 906 3252 A.
930 3227 964 3238 -
988 3203 1019 3252 ιδ

68 3270 341 3335 nunni-2311]
409 3296 440 3307 “
459 3272 493 3321 24
511 3282 608 3332 μεικρα
626 3268 659 3323 Δ.

126 3352 181 3407 Col.
198 3355 271 3407 XLL
307 3358 323 3406 7
341 3358 406 3420 post
423 3349 591 3418 κατηγορία(
609 3352 745 3407 excidisse
764 3352 858 3416 aliqua
870 3356 951 3416 putat
963 3347 1019 3411 K.¹,

69 3416 173 3472 inhnno
190 3423 248 3474 fere
266 3421 389 3474 modum:
415 3419 477 3474 οἵα(
499 3419 526 3472 οἱ
548 3418 722 3485 (υκοφάνται
740 3416 854 3471 alneum
870 3416 942 3469 κατὰ
958 3417 1020 3466 τῶν

69 3487 225 3549 φευγόντων
247 3489 349 3552 λέγειν.
376 3516 410 3526 -
440 3492 472 3541 13
494 3489 588 3540 versui
609 3487 845 3553 interpunctionis
866 3490 933 3533 nota
957 3483 1020 3534 sub-

69 3554 169 3622 scripta,
186 3556 235 3609 sed
252 3557 356 3610 deinde
372 3558 453 3609 uncis
470 3556 579 3607 inclusa
592 3561 645 3607 ent.
673 3556 751 3606 Idem
763 3551 867 3603 accidit
879 3551 920 3609 38,
934 3552 975 3600 10.
986 3572 1020 3583 ·-
