2467 3942
84 148 184 228 ,ιω
362 142 477 201 ΚΑΤΑ
497 140 790 204 Ammon.
1051 137 1093 200 τε

84 313 167 396 τοῦς
178 311 374 403 βαρβάρους
386 323 581 399 ναυμαχείν.
614 310 712 399 μόνοι
726 311 765 380 δὲ
782 307 982 434 ἀμφοτέρων
995 337 1094 400 περι-

83 416 261 507 γεγόνασι,
288 414 369 484 καὶ
365 419 434 484 νῦν
452 420 623 501 πολεμίων
649 415 707 482 καὶ
726 421 795 483 τόν
815 413 1014 501 συμμάχων,
1048 408 1093 493 αἱς

82 521 255 608 ἑκατέρων
276 522 454 605 προσήκε,
469 512 551 595 τους
563 512 679 603 μὲν
641 523 914 642 ευεργετοῦντες,
947 513 1028 596 τοῦς
1054 515 1093 584 δὲ

79 621 269 711 μαχόμενοι
295 624 466 698 νικῶντες.
500 607 566 706 ἆρά
584 645 625 706 γε
645 614 811 710 όμοιον
780 625 827 687 τῦ
842 618 1006 707 φεύγοντι
1025 616 1088 707 τήν

78 729 233 812 πατρίδα
260 721 430 810 τεττάρων
454 715 590 808 ήμερῦν
609 727 719 789 πλοῦν
740 727 788 800 είς
802 716 942 805 Ῥόδον;
971 711 995 810 6
1021 734 1131 790 που71

82 818 254 915 ταχέως’“
232 851 275 893 αν
294 820 452 912 ήνέσχετό
472 850 522 902 τις
544 825 686 891 ἐκείνων
704 830 774 891 νῦν
787 820 925 913 ἀνδρῶν
938 830 1094 892 τοιοῦτον

73 935 202 1051 ἔργον,
220 922 298 996 ἀλλ’
314 921 379 996 οῦκ
397 919 441 994 άν
456 927 662 994 κατέλευσαν
675 921 735 994 τὸν
747 925 1013 1050 καταισχύνοντα
1032 923 1094 1012 τήν

82 1027 200 1100 άῦτῦν
222 1026 405 1152 ἀριστείαν
459 1022 549 1097 οῦτω
576 1034 663 1114 γοῦν
688 1030 833 1114 ἐφίλουν
859 1026 921 1116 τήν
947 1033 1095 1116 πατρίδα

82 1133 218 1220 πάντες,
234 1128 320 1212 ὥστε
333 1155 393 1200 τον
400 1156 492 1220 παρα
479 1128 633 1232 Ξέρξου
646 1127 860 1220 πρεσβευτήν
862 1126 1094 1218 Ἀλέξανδρον,

83 1231 224 1323 φίλον”
203 1261 286 1304 οντα
301 1229 417 1313 αῦτοίς
435 1229 621 1322 πρότερον,
643 1228 695 1300 ὅτι
716 1239 781 1320 γῆν
794 1234 855 1301 καὶ
869 1229 1000 1322 ῦδωρ”
979 1253 1090 1322 ητησε,

79 1364 209 1427 μικροῦ
195 1341 292 1406 δεῖν
298 1330 550 1405 κατέλευσαν
529 1360 617 1405 οπου
626 1335 664 1403 δὲ
670 1337 728 1403 καί
735 1362 796 1404 του
782 1333 915 1423 λόγου
928 1341 1093 1423 τιμωρίαν

86 1437 208 1528 ἠξίουν
220 1437 424 1527 λαμβάνειν,
443 1466 465 1525 η
478 1462 546 1507 που
560 1434 621 1506 τόν
633 1443 722 1529 ἔργῳ
736 1435 980 1526 παραδόντα
944 1464 1007 1525 την
1029 1437 1094 1507 πό-

82 1550 142 1612 λιν
161 1538 360 1631 ῦποχείριον
378 1554 448 1621 τοῖς
467 1545 639 1628 πολεμίοις
658 1536 701 1608 οῦ
721 1540 881 1628 μεγάλαις
901 1534 944 1610 άν
964 1547 1094 1628 ζημίαις

82 1643 263 1714 ἐκόλασαν.
300 1657 307 1732 Ι
342 1647 526 1733 τοιγαροῦν
551 1641 724 1723 τοιαῦταις
750 1640 918 1731 χρεόμενοι
945 1640 1136 1731 γυεόμαιςλκ

81 1746 289 1834 ἐνενήκοντα
302 1744 365 1830 μῦν
382 1751 438 1833 ἔτη
451 1750 520 1814 τῶν
528 1741 697 1833 Ἐλλήνων
704 1740 867 1832 ἡγεμόνες
875 1747 1092 1833 κατέστησαν,

82 1854 254 1936 Φοινίκην
268 1844 307 1916 δὲ
321 1848 378 1917 καὶ
384 1847 551 1916 -Κιλικίαν
565 1846 772 1935 ἐπόρθησαν,
787 1845 841 1916 ἐπ’
856 1843 1094 1936 Εὐρυμέδοντι

82 1951 125 2021 δὲ
157 1951 216 2022 καί
248 1956 512 2038 πεζομαχοῦντες
545 1951 603 2018 καὶ
635 1956 886 2038 ναυμαχοῦντες
920 1953 1092 2038 ἐνίκησαν,

81 2050 208 2123 ἑκατόν
222 2051 260 2121 δὲ
276 2051 424 2141 τριήρεις
436 2059 506 2121 τῶν
519 2051 703 2175 βαρβάρων
717 2051 945 2139 αἰχμαλώτους
959 2059 1093 2141 ἔλαβον,

81 2152 221 2224 ἅπασαν
240 2151 333 2224 δὲ
298 2179 361 2242 την
370 2150 486 2225 Ἀσίαν
504 2159 616 2235 κακῶς
636 2161 815 2234 ποιοῦντες
835 2157 1091 2242 περιέπλευσαν,

81 2256 198 2330 καὶ
165 2284 202 2326 το
212 2254 411 2382 κεφάλαιον
432 2263 489 2345 τής
511 2263 625 2343 νίκης,
653 2251 695 2324 οῦ
710 2253 747 2324 τό
771 2259 808 2325 ἐν
828 2264 997 2343 Σαλαμῖνι
1010 2253 1091 2345 τρό-
1071 2271 1137 2328 -73

84 2385 189 2429 παιον
202 2353 434 2447 άγαπήσαντες
447 2366 607 2448 ἔστησαν,
623 2353 732 2427 άλλ’”
713 2384 815 2445 οροος
828 2374 896 2439 τοῖς
911 2356 1095 2447 βαρβαροις

80 2458 249 2550 πήξαντες
270 2459 350 2542 νοῦς
376 2468 423 2543 είς
442 2460 505 2551 τήν
531 2465 734 2549 ἐλευθερίαν
759 2467 818 2548 τής
838 2457 1011 2548 Ἑλλάδος,
1038 2462 1095 2530 καὶ

82 2563 446 2646 τοῦτονςκωλῦσαντες
459 2560 693 2653 ὑπερβαίνειν,
707 2562 882 2651 συνθήκας
894 2562 1094 2651 ἐποιήσαντο

82 2673 202 2759 μακρῷ
216 2666 279 2755 μὲν
293 2673 401 2759 πλοίμ
414 2665 459 2756 μὴ
474 2674 571 2736 κλείω
585 2663 680 2746 ἐντὸς
694 2668 861 2735 Κυανέων
873 2668 931 2735 καὶ
944 2665 1095 2754 Φασήλι-

85 2773 155 2854 δος,
179 2766 257 2856 τοῦς
267 2761 303 2838 ’δ’
309 2764 473 2857 Ἕλληνας
486 2766 697 2857 αὐτονόμους
712 2766 815 2855 εἶναι,
836 2765 882 2856 μή
896 2768 1003 2857 μόνον
1016 2766 1094 2850 τοῦς

85 2867 149 2956 τήν
161 2866 335 2960 Εὐρώπην
351 2868 436 2942 άλλά
455 2873 512 2942 καὶ
530 2869 612 2952 τοῦς
629 2869 692 2959 τήν
707 2867 822 2939 Ἀσίαν
841 2878 1092 2950 κατοικοῦντας.

83 2974 197 3040 καίτοι
211 2981 329 3042 οίεσδε
342 2966 395 3060 άν,
411 2979 495 3064 ίτή
502 2974 726 3062 Λεωκράτους
739 2978 875 3064 διανοίη
888 2972 1092 3062 χρησάμενοι
1100 2982 1136 3037 74

83 3074 210 3155 παντες
217 3079 359 3163 ἔφυγον,
370 3073 502 3145 τοῦτων
508 3073 551 3146 ἄν
559 3103 590 3145 τι
598 3077 814 3163 γενέσθαι
767 3102 837 3144 των
851 3043 1093 3165 άαλιῦνέργωυ,

85 3174 108 3263 η’
121 3172 250 3266 ταῦτην
263 3172 309 3247 άν
320 3184 369 3248 ἔτι
382 3176 445 3267 τήν
457 3175 572 3304 χρόραν
585 3194 758 3248 κατοικεῖν
764 3173 869 3270 ῦμῦς;
887 3206 951 3269 χρη
938 3175 1094 3264 τοίνυν,

84 3306 115 3346 ω
102 3269 273 3369 ἄνδρες,
300 3277 413 3369 ὥσπερ
431 3279 511 3361 τοῦς
530 3277 685 3367 άγαδοῦς
706 3283 872 3349 ἐπαινεῖτε
892 3283 949 3349 καί
968 3283 1094 3367 τιμάτε,

85 3377 249 3452 οὕτωκαὶ
264 3381 345 3462 τοῦς
357 3382 493 3464 κακοῦς
497 3397 611 3471 μισεῖν
625 3410 661 3451 τε
675 3385 732 3454 καὶ
745 3369 914 3467 κολάζειν,
936 3377 1045 3460 άλλως
1060 3407 1096 3451 τε

85 3481 409 3631 ζαΙὶΜΛξθτὲικράτην,“
389 3512 427 3565 ος
442 3481 524 3555 οῦτε
542 3482 729 3555 ἔδεισευ”
687 3513 765 3554 ουτε
779 3478 970 3574 ήσχῦνδη’
950 3489 1049 3570 υμᾶς.
