<?xml version="1.0" encoding="UTF-8"?>
<!DOCTYPE html PUBLIC "-//W3C//DTD XHTML 1.0 Transitional//EN"
    "http://www.w3.org/TR/xhtml1/DTD/xhtml1-transitional.dtd">
<html xmlns="http://www.w3.org/1999/xhtml" xml:lang="en" lang="en">
 <head>
  <title>
</title>
<meta http-equiv="Content-Type" content="text/html;charset=utf-8" />
  <meta name='ocr-system' content='tesseract 3.04.00' />
  <meta name='ocr-capabilities' content='ocr_page ocr_carea ocr_par ocr_line ocrx_word'/>
</head>
<body>
  <div class='ocr_page' id='page_1' title='image "./hyperidisoratio01blasgoog/hyperidisoratio01blasgoog_0447.png"; bbox 0 0 2467 3942; ppageno 0'>
   <div class='ocr_carea' id='block_1_1' title="bbox 403 835 769 919">
    <p class='ocr_par' dir='ltr' id='par_1_1' title="bbox 403 835 769 919">
     <span class='ocr_line' id='line_1_1' title="bbox 403 835 769 919; baseline 0.003 -4"><span class='ocrx_word' id='word_1_1' title='bbox 403 835 769 919; x_wconf 84' lang='lat' dir='ltr'><strong>PRAEFATIO.</strong></span> 
     </span>
    </p>
   </div>
   <div class='ocr_carea' id='block_1_2' title="bbox 1 1092 1092 3620">
    <p class='ocr_par' dir='ltr' id='par_1_2' title="bbox 1 1092 1092 2520">
     <span class='ocr_line' id='line_1_2' title="bbox 167 1092 1092 1167; baseline 0.006 -18"><span class='ocrx_word' id='word_1_2' title='bbox 167 1094 198 1150; x_wconf 90' lang='lat' dir='ltr'><strong>ln</strong></span> <span class='ocrx_word' id='word_1_3' title='bbox 211 1092 433 1150; x_wconf 80' lang='lat' dir='ltr'><strong>Monetboniuus&#39;s</strong></span> <span class='ocrx_word' id='word_1_4' title='bbox 454 1092 526 1149; x_wconf 87' lang='lat' dir='ltr'><strong>idem</strong></span> <span class='ocrx_word' id='word_1_5' title='bbox 543 1093 609 1149; x_wconf 92' lang='lat' dir='ltr'><strong>mibi</strong></span> <span class='ocrx_word' id='word_1_6' title='bbox 625 1110 697 1150; x_wconf 89' lang='lat' dir='ltr'><strong>nunc</strong></span> <span class='ocrx_word' id='word_1_7' title='bbox 713 1096 786 1167; x_wconf 92' lang='lat' dir='ltr'><strong>quod</strong></span> <span class='ocrx_word' id='word_1_8' title='bbox 802 1095 868 1151; x_wconf 92' lang='lat' dir='ltr'><strong>olim</strong></span> <span class='ocrx_word' id='word_1_9' title='bbox 884 1096 912 1151; x_wconf 93' lang='lat' dir='ltr'><strong>in</strong></span> <span class='ocrx_word' id='word_1_10' title='bbox 928 1095 1027 1164; x_wconf 78' lang='lat' dir='ltr'><strong>Quireto</strong></span> <span class='ocrx_word' id='word_1_11' title='bbox 1044 1117 1092 1155; x_wconf 89' lang='lat' dir='ltr'><strong>ac-</strong></span> 
     </span>
     <span class='ocr_line' id='line_1_3' title="bbox 80 1178 1091 1251; baseline 0.005 -16"><span class='ocrx_word' id='word_1_12' title='bbox 80 1179 161 1249; x_wconf 90' lang='lat' dir='ltr'><strong>cidit,</strong></span> <span class='ocrx_word' id='word_1_13' title='bbox 176 1185 206 1234; x_wconf 93' lang='grc' dir='ltr'><strong>ιιι</strong></span> <span class='ocrx_word' id='word_1_14' title='bbox 224 1195 279 1236; x_wconf 90' lang='lat' dir='ltr'><strong>non</strong></span> <span class='ocrx_word' id='word_1_15' title='bbox 294 1179 384 1235; x_wconf 91' lang='lat' dir='ltr'><strong>solum</strong></span> <span class='ocrx_word' id='word_1_16' title='bbox 399 1178 491 1234; x_wconf 90' lang='lat' dir='ltr'><strong>obiter</strong></span> <span class='ocrx_word' id='word_1_17' title='bbox 506 1178 650 1249; x_wconf 88' lang='lat' dir='ltr'><strong>semelque</strong></span> <span class='ocrx_word' id='word_1_18' title='bbox 668 1180 807 1251; x_wconf 76' lang='lat' dir='ltr'><strong>relegenti</strong></span> <span class='ocrx_word' id='word_1_19' title='bbox 822 1182 873 1237; x_wconf 90' lang='lat' dir='ltr'><strong>sed</strong></span> <span class='ocrx_word' id='word_1_20' title='bbox 887 1181 959 1238; x_wconf 89' lang='lat' dir='ltr'><strong>adeo</strong></span> <span class='ocrx_word' id='word_1_21' title='bbox 975 1199 1091 1240; x_wconf 89' lang='lat' dir='ltr'><strong>accura-</strong></span> 
     </span>
     <span class='ocr_line' id='line_1_4' title="bbox 79 1262 1092 1336; baseline 0.004 -16"><span class='ocrx_word' id='word_1_22' title='bbox 79 1264 136 1322; x_wconf 83' lang='lat' dir='ltr'><strong>tius</strong></span> <span class='ocrx_word' id='word_1_23' title='bbox 154 1263 317 1336; x_wconf 76' lang='lat' dir='ltr'><strong>pluriesque</strong></span> <span class='ocrx_word' id='word_1_24' title='bbox 338 1262 518 1336; x_wconf 86' lang='lat' dir='ltr'><strong>perlustranti</strong></span> <span class='ocrx_word' id='word_1_25' title='bbox 542 1263 737 1319; x_wconf 75' lang='lat' dir='ltr'><strong>recensionem</strong></span> <span class='ocrx_word' id='word_1_26' title='bbox 759 1281 847 1320; x_wconf 90' lang='lat' dir='ltr'><strong>meam</strong></span> <span class='ocrx_word' id='word_1_27' title='bbox 868 1272 931 1321; x_wconf 90' lang='lat' dir='ltr'><strong>ante</strong></span> <span class='ocrx_word' id='word_1_28' title='bbox 953 1269 1005 1323; x_wconf 91' lang='lat' dir='ltr'><strong>bos</strong></span> <span class='ocrx_word' id='word_1_29' title='bbox 1025 1274 1092 1324; x_wconf 90' lang='lat' dir='ltr'><strong>octo</strong></span> 
     </span>
     <span class='ocr_line' id='line_1_5' title="bbox 81 1346 1091 1420; baseline 0.004 -16"><span class='ocrx_word' id='word_1_30' title='bbox 81 1365 170 1406; x_wconf 86' lang='lat' dir='ltr'><strong>anuos</strong></span> <span class='ocrx_word' id='word_1_31' title='bbox 185 1349 340 1405; x_wconf 86' lang='lat' dir='ltr'><strong>absolutum</strong></span> <span class='ocrx_word' id='word_1_32' title='bbox 356 1354 438 1419; x_wconf 90' lang='lat' dir='ltr'><strong>atque</strong></span> <span class='ocrx_word' id='word_1_33' title='bbox 450 1353 517 1407; x_wconf 83' lang='lat'>1851</span> <span class='ocrx_word' id='word_1_34' title='bbox 530 1346 645 1403; x_wconf 88' lang='lat' dir='ltr'><strong>Parisiis</strong></span> <span class='ocrx_word' id='word_1_35' title='bbox 660 1349 733 1420; x_wconf 91' lang='lat' dir='ltr'><strong>apud</strong></span> <span class='ocrx_word' id='word_1_36' title='bbox 743 1348 873 1405; x_wconf 80' lang='lat' dir='ltr'><strong>Didctum</strong></span> <span class='ocrx_word' id='word_1_37' title='bbox 889 1350 990 1407; x_wconf 82' lang='lat' dir='ltr'><strong>editam</strong></span> <span class='ocrx_word' id='word_1_38' title='bbox 1007 1358 1091 1408; x_wconf 85' lang='lat' dir='ltr'><strong>tenue</strong></span> 
     </span>
     <span class='ocr_line' id='line_1_6' title="bbox 80 1430 1089 1508; baseline 0.003 -19"><span class='ocrx_word' id='word_1_39' title='bbox 80 1438 185 1489; x_wconf 68' lang='lat' dir='ltr'><strong>motum</strong></span> <span class='ocrx_word' id='word_1_40' title='bbox 198 1449 333 1501; x_wconf 51' lang='lat' dir='ltr'><strong>,novarum</strong></span> <span class='ocrx_word' id='word_1_41' title='bbox 352 1430 574 1501; x_wconf 75' lang='lat' dir='ltr'><strong>emendationum</strong></span> <span class='ocrx_word' id='word_1_42' title='bbox 591 1432 770 1504; x_wconf 76' lang='lat' dir='ltr'><strong>spicilegium</strong></span> <span class='ocrx_word' id='word_1_43' title='bbox 787 1440 958 1506; x_wconf 84' lang='lat' dir='ltr'><strong>suppeteret.</strong></span> <span class='ocrx_word' id='word_1_44' title='bbox 993 1436 1089 1508; x_wconf 81' lang='lat' dir='ltr'><strong>Neque</strong></span> 
     </span>
     <span class='ocr_line' id='line_1_7' title="bbox 80 1516 1090 1590; baseline 0.003 -17"><span class='ocrx_word' id='word_1_45' title='bbox 80 1518 130 1574; x_wconf 89' lang='lat' dir='ltr'><strong>alii</strong></span> <span class='ocrx_word' id='word_1_46' title='bbox 148 1517 218 1572; x_wconf 89' lang='lat' dir='ltr'><strong>baec</strong></span> <span class='ocrx_word' id='word_1_47' title='bbox 236 1516 389 1587; x_wconf 73' lang='lat' dir='ltr'><strong>fragmenta</strong></span> <span class='ocrx_word' id='word_1_48' title='bbox 410 1516 518 1574; x_wconf 86' lang='lat' dir='ltr'><strong>interea</strong></span> <span class='ocrx_word' id='word_1_49' title='bbox 534 1523 703 1572; x_wconf 87' lang='lat' dir='ltr'><strong>curaverunt</strong></span> <span class='ocrx_word' id='word_1_50' title='bbox 726 1519 936 1590; x_wconf 81' lang='lat' dir='ltr'><strong>corruptissima</strong></span> <span class='ocrx_word' id='word_1_51' title='bbox 955 1537 1023 1577; x_wconf 87' lang='lat' dir='ltr'><strong>sane</strong></span> <span class='ocrx_word' id='word_1_52' title='bbox 1039 1538 1090 1576; x_wconf 89' lang='lat' dir='ltr'><strong>ne-</strong></span> 
     </span>
     <span class='ocr_line' id='line_1_8' title="bbox 79 1601 1089 1673; baseline 0.003 -16"><span class='ocrx_word' id='word_1_53' title='bbox 79 1619 133 1673; x_wconf 90' lang='lat' dir='ltr'><strong>que</strong></span> <span class='ocrx_word' id='word_1_54' title='bbox 149 1608 196 1658; x_wconf 88' lang='lat' dir='ltr'><strong>aut</strong></span> <span class='ocrx_word' id='word_1_55' title='bbox 210 1602 245 1662; x_wconf 85' lang='lat' dir='ltr'><strong>ab</strong></span> <span class='ocrx_word' id='word_1_56' title='bbox 258 1609 421 1672; x_wconf 76' lang='lat' dir='ltr'><strong>argumento</strong></span> <span class='ocrx_word' id='word_1_57' title='bbox 437 1606 485 1657; x_wconf 89' lang='lat' dir='ltr'><strong>aut</strong></span> <span class='ocrx_word' id='word_1_58' title='bbox 499 1601 615 1660; x_wconf 88' lang='lat' dir='ltr'><strong>alorma</strong></span> <span class='ocrx_word' id='word_1_59' title='bbox 626 1603 868 1673; x_wconf 74' lang='lat' dir='ltr'><strong>commendabilia,</strong></span> <span class='ocrx_word' id='word_1_60' title='bbox 886 1610 915 1659; x_wconf 87' lang='lat' dir='ltr'><strong>nt</strong></span> <span class='ocrx_word' id='word_1_61' title='bbox 926 1605 961 1661; x_wconf 94' lang='lat' dir='ltr'><strong>ad</strong></span> <span class='ocrx_word' id='word_1_62' title='bbox 974 1622 1007 1660; x_wconf 87' lang='lat' dir='ltr'><strong>ea</strong></span> <span class='ocrx_word' id='word_1_63' title='bbox 1020 1606 1089 1660; x_wconf 86' lang='lat' dir='ltr'><strong>nihil</strong></span> 
     </span>
     <span class='ocr_line' id='line_1_9' title="bbox 79 1684 1088 1761; baseline 0.002 -18"><span class='ocrx_word' id='word_1_64' title='bbox 79 1686 164 1743; x_wconf 88' lang='lat' dir='ltr'><strong>alieni</strong></span> <span class='ocrx_word' id='word_1_65' title='bbox 184 1687 304 1743; x_wconf 78' lang='lat' dir='ltr'><strong>subsidii</strong></span> <span class='ocrx_word' id='word_1_66' title='bbox 326 1686 477 1742; x_wconf 87' lang='lat' dir='ltr'><strong>admovere</strong></span> <span class='ocrx_word' id='word_1_67' title='bbox 492 1684 606 1741; x_wconf 74' lang='lat' dir='ltr'><strong>licuerit</strong></span> <span class='ocrx_word' id='word_1_68' title='bbox 620 1693 734 1756; x_wconf 85' lang='lat' dir='ltr'><strong>praeter</strong></span> <span class='ocrx_word' id='word_1_69' title='bbox 743 1690 823 1742; x_wconf 75' lang='lat' dir='ltr'><strong>sexti</strong></span> <span class='ocrx_word' id='word_1_70' title='bbox 837 1688 901 1744; x_wconf 91' lang='lat' dir='ltr'><strong>libri</strong></span> <span class='ocrx_word' id='word_1_71' title='bbox 919 1690 1088 1761; x_wconf 86' lang='lat' dir='ltr'><strong>interpreta-</strong></span> 
     </span>
     <span class='ocr_line' id='line_1_10' title="bbox 77 1771 1086 1844; baseline 0.004 -18"><span class='ocrx_word' id='word_1_72' title='bbox 77 1772 181 1828; x_wconf 84' lang='lat' dir='ltr'><strong>tionem</strong></span> <span class='ocrx_word' id='word_1_73' title='bbox 196 1772 375 1828; x_wconf 86' lang='lat' dir='ltr'><strong>vernaculam</strong></span> <span class='ocrx_word' id='word_1_74' title='bbox 395 1771 595 1844; x_wconf 82' lang='lat' dir='ltr'><strong>programmati</strong></span> <span class='ocrx_word' id='word_1_75' title='bbox 612 1771 784 1827; x_wconf 87' lang='lat' dir='ltr'><strong>scholastico</strong></span> <span class='ocrx_word' id='word_1_76' title='bbox 806 1773 945 1842; x_wconf 75' lang='lat' dir='ltr'><strong>gymnasii</strong></span> <span class='ocrx_word' id='word_1_77' title='bbox 961 1773 996 1825; x_wconf 90' lang='lat' dir='ltr'>W</span> <span class='ocrx_word' id='word_1_78' title='bbox 1000 1774 1086 1831; x_wconf 87' lang='lat' dir='ltr'><strong>etzla-</strong></span> 
     </span>
     <span class='ocr_line' id='line_1_11' title="bbox 76 1854 1086 1930; baseline 0.002 -19"><span class='ocrx_word' id='word_1_79' title='bbox 76 1854 180 1912; x_wconf 89' lang='lat' dir='ltr'><strong>riensis</strong></span> <span class='ocrx_word' id='word_1_80' title='bbox 198 1872 223 1910; x_wconf 88' lang='lat' dir='ltr'><strong>a.</strong></span> <span class='ocrx_word' id='word_1_81' title='bbox 237 1862 303 1916; x_wconf 80' lang='lat'>1835</span> <span class='ocrx_word' id='word_1_82' title='bbox 316 1855 507 1928; x_wconf 87' lang='lat' dir='ltr'><strong>praemissam,</strong></span> <span class='ocrx_word' id='word_1_83' title='bbox 525 1872 578 1926; x_wconf 92' lang='lat' dir='ltr'><strong>qua</strong></span> <span class='ocrx_word' id='word_1_84' title='bbox 589 1856 690 1910; x_wconf 74' lang='lat' dir='ltr'><strong>Acutius</strong></span> <span class='ocrx_word' id='word_1_85' title='bbox 704 1855 892 1926; x_wconf 76' lang='lat' dir='ltr'><strong>„insanientis</strong></span> <span class='ocrx_word' id='word_1_86' title='bbox 908 1858 1086 1930; x_wconf 80' lang='lat' dir='ltr'><strong>sapientiae“</strong></span> 
     </span>
     <span class='ocr_line' id='line_1_12' title="bbox 78 1939 1087 2013; baseline 0.004 -17"><span class='ocrx_word' id='word_1_87' title='bbox 78 1940 205 1997; x_wconf 85' lang='lat' dir='ltr'><strong>consulta</strong></span> <span class='ocrx_word' id='word_1_88' title='bbox 227 1940 296 1996; x_wconf 88' lang='lat' dir='ltr'><strong>satis</strong></span> <span class='ocrx_word' id='word_1_89' title='bbox 319 1940 439 1997; x_wconf 83' lang='lat' dir='ltr'><strong>fideliter</strong></span> <span class='ocrx_word' id='word_1_90' title='bbox 462 1939 604 2012; x_wconf 82' lang='lat' dir='ltr'><strong>expressit</strong></span> <span class='ocrx_word' id='word_1_91' title='bbox 629 1946 658 1994; x_wconf 89' lang='lat' dir='ltr'><strong>et</strong></span> <span class='ocrx_word' id='word_1_92' title='bbox 678 1940 782 1995; x_wconf 90' lang='lat' dir='ltr'><strong>notulis</strong></span> <span class='ocrx_word' id='word_1_93' title='bbox 800 1940 964 2011; x_wconf 86' lang='lat' dir='ltr'><strong>quibusdem</strong></span> <span class='ocrx_word' id='word_1_94' title='bbox 986 1943 1087 2013; x_wconf 84' lang='lat' dir='ltr'><strong>partlm</strong></span> 
     </span>
     <span class='ocr_line' id='line_1_13' title="bbox 77 2023 1088 2097; baseline 0.002 -17"><span class='ocrx_word' id='word_1_95' title='bbox 77 2024 112 2080; x_wconf 89' lang='lat' dir='ltr'><strong>ad</strong></span> <span class='ocrx_word' id='word_1_96' title='bbox 127 2024 217 2096; x_wconf 86' lang='lat' dir='ltr'><strong>ipsam</strong></span> <span class='ocrx_word' id='word_1_97' title='bbox 232 2041 290 2080; x_wconf 86' lang='lat' dir='ltr'><strong>reru</strong></span> <span class='ocrx_word' id='word_1_98' title='bbox 301 2024 399 2097; x_wconf 85' lang='lat' dir='ltr'><strong>partim</strong></span> <span class='ocrx_word' id='word_1_99' title='bbox 411 2025 445 2081; x_wconf 91' lang='lat' dir='ltr'><strong>ad</strong></span> <span class='ocrx_word' id='word_1_100' title='bbox 459 2023 530 2079; x_wconf 90' lang='lat' dir='ltr'><strong>alios</strong></span> <span class='ocrx_word' id='word_1_101' title='bbox 545 2023 701 2096; x_wconf 85' lang='lat' dir='ltr'><strong>scriptores</strong></span> <span class='ocrx_word' id='word_1_102' title='bbox 717 2024 908 2097; x_wconf 81' lang='lat' dir='ltr'><strong>spectantibus</strong></span> <span class='ocrx_word' id='word_1_103' title='bbox 924 2026 1088 2082; x_wconf 71' lang='lat' dir='ltr'><strong>illustravit·</strong></span> 
     </span>
     <span class='ocr_line' id='line_1_14' title="bbox 75 2107 1085 2179; baseline 0.001 -15"><span class='ocrx_word' id='word_1_104' title='bbox 75 2108 213 2166; x_wconf 87' lang='lat' dir='ltr'><strong>Novarum</strong></span> <span class='ocrx_word' id='word_1_105' title='bbox 228 2116 318 2165; x_wconf 81' lang='lat' dir='ltr'><strong>tanuen</strong></span> <span class='ocrx_word' id='word_1_106' title='bbox 339 2107 560 2179; x_wconf 73' lang='lat' dir='ltr'><strong>coniecturarum</strong></span> <span class='ocrx_word' id='word_1_107' title='bbox 575 2124 627 2164; x_wconf 86' lang='lat' dir='ltr'><strong>sex</strong></span> <span class='ocrx_word' id='word_1_108' title='bbox 642 2113 745 2165; x_wconf 87' lang='lat' dir='ltr'><strong>tautum</strong></span> <span class='ocrx_word' id='word_1_109' title='bbox 760 2125 795 2165; x_wconf 93' lang='lat' dir='ltr'><strong>eo</strong></span> <span class='ocrx_word' id='word_1_110' title='bbox 813 2108 840 2164; x_wconf 90' lang='lat' dir='ltr'><strong>iu</strong></span> <span class='ocrx_word' id='word_1_111' title='bbox 864 2109 962 2166; x_wconf 93' lang='lat' dir='ltr'><strong>libello</strong></span> <span class='ocrx_word' id='word_1_112' title='bbox 980 2111 1085 2179; x_wconf 81' lang='lat' dir='ltr'><strong>inveni,</strong></span> 
     </span>
     <span class='ocr_line' id='line_1_15' title="bbox 76 2181 1084 2272; baseline 0 -23"><span class='ocrx_word' id='word_1_113' title='bbox 76 2183 189 2267; x_wconf 83' lang='lat' dir='ltr'><strong>quarum</strong></span> <span class='ocrx_word' id='word_1_114' title='bbox 204 2194 427 2264; x_wconf 88' lang='lat' dir='ltr'><strong>conjecturarum</strong></span> <span class='ocrx_word' id='word_1_115' title='bbox 439 2193 511 2249; x_wconf 90' lang='lat' dir='ltr'><strong>duae</strong></span> <span class='ocrx_word' id='word_1_116' title='bbox 527 2189 559 2266; x_wconf 79' lang='lat'><strong>(4</strong></span> <span class='ocrx_word' id='word_1_117' title='bbox 574 2183 696 2269; x_wconf 75' lang='grc' dir='ltr'><em>καμάτῳ</em></span> <span class='ocrx_word' id='word_1_118' title='bbox 711 2210 764 2265; x_wconf 91' lang='lat' dir='ltr'><strong>pro</strong></span> <span class='ocrx_word' id='word_1_119' title='bbox 775 2182 909 2272; x_wconf 75' lang='grc' dir='ltr'><em>θανάτῳ,</em></span> <span class='ocrx_word' id='word_1_120' title='bbox 922 2200 957 2253; x_wconf 77' lang='lat'><strong>32</strong></span> <span class='ocrx_word' id='word_1_121' title='bbox 967 2181 1084 2267; x_wconf 75' lang='grc' dir='ltr'><em>ἀπέχων</em></span> 
     </span>
     <span class='ocr_line' id='line_1_16' title="bbox 1 2269 1084 2356; baseline 0.001 -22"><span class='ocrx_word' id='word_1_122' title='bbox 1 2335 7 2356; x_wconf 60' lang='grc'>,</span> <span class='ocrx_word' id='word_1_123' title='bbox 74 2294 125 2351; x_wconf 93' lang='lat' dir='ltr'><strong>pro</strong></span> <span class='ocrx_word' id='word_1_124' title='bbox 140 2269 266 2352; x_wconf 76' lang='grc' dir='ltr'><strong>ἐπέχων)</strong></span> <span class='ocrx_word' id='word_1_125' title='bbox 282 2279 366 2336; x_wconf 80' lang='lat' dir='ltr'><strong>eliasu</strong></span> <span class='ocrx_word' id='word_1_126' title='bbox 384 2296 400 2335; x_wconf 90' lang='lat' dir='ltr'><strong>a</strong></span> <span class='ocrx_word' id='word_1_127' title='bbox 415 2294 459 2334; x_wconf 90' lang='lat' dir='ltr'><strong>me</strong></span> <span class='ocrx_word' id='word_1_128' title='bbox 472 2278 530 2347; x_wconf 89' lang='lat' dir='ltr'><strong>jam</strong></span> <span class='ocrx_word' id='word_1_129' title='bbox 547 2277 614 2332; x_wconf 92' lang='lat' dir='ltr'><strong>olim</strong></span> <span class='ocrx_word' id='word_1_130' title='bbox 630 2283 763 2349; x_wconf 81' lang='lat' dir='ltr'><strong>receptae</strong></span> <span class='ocrx_word' id='word_1_131' title='bbox 781 2284 869 2348; x_wconf 88' lang='lat' dir='ltr'><strong>erunt,</strong></span> <span class='ocrx_word' id='word_1_132' title='bbox 887 2284 998 2335; x_wconf 89' lang='lat' dir='ltr'><strong>ceteras</strong></span> <span class='ocrx_word' id='word_1_133' title='bbox 1009 2297 1084 2354; x_wconf 32' lang='lat' dir='ltr'><strong>‚qua-</strong></span> 
     </span>
     <span class='ocr_line' id='line_1_17' title="bbox 74 2359 1082 2437; baseline 0.001 -19"><span class='ocrx_word' id='word_1_134' title='bbox 74 2370 137 2419; x_wconf 88' lang='lat' dir='ltr'><strong>tuor</strong></span> <span class='ocrx_word' id='word_1_135' title='bbox 157 2364 216 2419; x_wconf 89' lang='lat' dir='ltr'><strong>suis</strong></span> <span class='ocrx_word' id='word_1_136' title='bbox 238 2364 394 2434; x_wconf 82' lang='lat' dir='ltr'><strong>quibusque</strong></span> <span class='ocrx_word' id='word_1_137' title='bbox 416 2362 488 2419; x_wconf 90' lang='lat' dir='ltr'><strong>locis</strong></span> <span class='ocrx_word' id='word_1_138' title='bbox 511 2367 621 2418; x_wconf 87' lang='lat' dir='ltr'><strong>notatas</strong></span> <span class='ocrx_word' id='word_1_139' title='bbox 642 2359 700 2437; x_wconf 72' lang='lat'><strong>(50.</strong></span> <span class='ocrx_word' id='word_1_140' title='bbox 720 2368 761 2422; x_wconf 81' lang='lat'><strong>56.</strong></span> <span class='ocrx_word' id='word_1_141' title='bbox 784 2369 844 2422; x_wconf 84' lang='lat'><strong>153.</strong></span> <span class='ocrx_word' id='word_1_142' title='bbox 862 2359 940 2436; x_wconf 78' lang='lat'>605.)</span> <span class='ocrx_word' id='word_1_143' title='bbox 961 2365 1082 2436; x_wconf 85' lang='lat' dir='ltr'><strong>probare</strong></span> 
     </span>
     <span class='ocr_line' id='line_1_18' title="bbox 73 2448 232 2520; baseline -0.006 -17"><span class='ocrx_word' id='word_1_144' title='bbox 73 2464 128 2503; x_wconf 89' lang='lat' dir='ltr'><strong>non</strong></span> <span class='ocrx_word' id='word_1_145' title='bbox 145 2448 232 2520; x_wconf 87' lang='lat' dir='ltr'><strong>potui.</strong></span> 
     </span>
    </p>

    <p class='ocr_par' dir='ltr' id='par_1_3' title="bbox 64 2530 1085 3620">
     <span class='ocr_line' id='line_1_19' title="bbox 156 2530 1085 2603; baseline -0.001 -16"><span class='ocrx_word' id='word_1_146' title='bbox 156 2532 265 2590; x_wconf 87' lang='lat' dir='ltr'><strong>Deinde</strong></span> <span class='ocrx_word' id='word_1_147' title='bbox 285 2548 358 2588; x_wconf 92' lang='lat' dir='ltr'><strong>nunc</strong></span> <span class='ocrx_word' id='word_1_148' title='bbox 379 2531 487 2589; x_wconf 86' lang='lat' dir='ltr'><strong>demum</strong></span> <span class='ocrx_word' id='word_1_149' title='bbox 504 2530 629 2587; x_wconf 85' lang='lat' dir='ltr'><strong>nancisci</strong></span> <span class='ocrx_word' id='word_1_150' title='bbox 647 2530 713 2586; x_wconf 89' lang='lat' dir='ltr'><strong>mibi</strong></span> <span class='ocrx_word' id='word_1_151' title='bbox 728 2531 810 2586; x_wconf 89' lang='lat' dir='ltr'><strong>licuit</strong></span> <span class='ocrx_word' id='word_1_152' title='bbox 822 2530 954 2588; x_wconf 72' lang='lat' dir='ltr'><strong>ludovici</strong></span> <span class='ocrx_word' id='word_1_153' title='bbox 967 2532 1085 2603; x_wconf 74' lang='lat' dir='ltr'><strong>Ziepleri</strong></span> 
     </span>
     <span class='ocr_line' id='line_1_20' title="bbox 73 2615 1082 2688; baseline 0 -16"><span class='ocrx_word' id='word_1_154' title='bbox 73 2616 243 2688; x_wconf 79' lang='lat' dir='ltr'><strong>professoris</strong></span> <span class='ocrx_word' id='word_1_155' title='bbox 260 2616 326 2672; x_wconf 89' lang='lat' dir='ltr'><strong>olim</strong></span> <span class='ocrx_word' id='word_1_156' title='bbox 343 2615 555 2672; x_wconf 84' lang='lat' dir='ltr'><strong>llostocbiensis</strong></span> <span class='ocrx_word' id='word_1_157' title='bbox 578 2616 635 2685; x_wconf 81' lang='lat' dir='ltr'><strong>,·,de</strong></span> <span class='ocrx_word' id='word_1_158' title='bbox 656 2616 737 2672; x_wconf 90' lang='lat' dir='ltr'><strong>libris</strong></span> <span class='ocrx_word' id='word_1_159' title='bbox 759 2616 1006 2688; x_wconf 86' lang='lat' dir='ltr'><strong>apotelesmaticis,</strong></span> <span class='ocrx_word' id='word_1_160' title='bbox 1024 2618 1082 2672; x_wconf 86' lang='lat' dir='ltr'><strong>lla-</strong></span> 
     </span>
     <span class='ocr_line' id='line_1_21' title="bbox 71 2699 1080 2772; baseline 0 -15"><span class='ocrx_word' id='word_1_161' title='bbox 71 2700 200 2760; x_wconf 86' lang='lat' dir='ltr'><strong>netbonis</strong></span> <span class='ocrx_word' id='word_1_162' title='bbox 213 2700 324 2757; x_wconf 86' lang='lat' dir='ltr'><strong>nomini</strong></span> <span class='ocrx_word' id='word_1_163' title='bbox 340 2701 425 2771; x_wconf 72' lang='lat' dir='ltr'><strong>vulgo</strong></span> <span class='ocrx_word' id='word_1_164' title='bbox 442 2699 562 2757; x_wconf 86' lang='lat' dir='ltr'><strong>addictis</strong></span> <span class='ocrx_word' id='word_1_165' title='bbox 578 2700 869 2770; x_wconf 78' lang='lat' dir='ltr'><strong>cominentationem“,</strong></span> <span class='ocrx_word' id='word_1_166' title='bbox 888 2718 958 2772; x_wconf 91' lang='lat' dir='ltr'><strong>quae</strong></span> <span class='ocrx_word' id='word_1_167' title='bbox 976 2703 1080 2757; x_wconf 89' lang='lat' dir='ltr'><strong>inserta</strong></span> 
     </span>
     <span class='ocr_line' id='line_1_22' title="bbox 72 2784 1078 2857; baseline 0 -17"><span class='ocrx_word' id='word_1_168' title='bbox 72 2785 175 2857; x_wconf 79' lang='lat' dir='ltr'><strong>legitur</strong></span> <span class='ocrx_word' id='word_1_169' title='bbox 203 2786 285 2855; x_wconf 81' lang='lat' dir='ltr'><strong>libri,</strong></span> <span class='ocrx_word' id='word_1_170' title='bbox 315 2786 362 2856; x_wconf 90' lang='lat' dir='ltr'><strong>qui</strong></span> <span class='ocrx_word' id='word_1_171' title='bbox 391 2784 533 2855; x_wconf 84' lang='lat' dir='ltr'><strong>„Neues</strong></span> <span class='ocrx_word' id='word_1_172' title='bbox 558 2784 723 2855; x_wconf 82' lang='lat' dir='ltr'><strong>Magarin</strong></span> <span class='ocrx_word' id='word_1_173' title='bbox 751 2784 808 2840; x_wconf 82' lang='lat' dir='ltr'><strong>fiir</strong></span> <span class='ocrx_word' id='word_1_174' title='bbox 835 2785 1078 2841; x_wconf 82' lang='lat' dir='ltr'><strong>Scbullelrrer.</strong></span> 
     </span>
     <span class='ocr_line' id='line_1_23' title="bbox 71 2869 1079 2941; baseline 0 -16"><span class='ocrx_word' id='word_1_175' title='bbox 71 2870 377 2941; x_wconf 78' lang='lat' dir='ltr'><strong>lleruusgegebcn</strong></span> <span class='ocrx_word' id='word_1_176' title='bbox 399 2886 465 2926; x_wconf 87' lang='lat' dir='ltr'><strong>von</strong></span> <span class='ocrx_word' id='word_1_177' title='bbox 485 2869 516 2924; x_wconf 86' lang='lat' dir='ltr'><strong>G.</strong></span> <span class='ocrx_word' id='word_1_178' title='bbox 537 2870 571 2927; x_wconf 89' lang='lat' dir='ltr'><strong>A.</strong></span> <span class='ocrx_word' id='word_1_179' title='bbox 587 2869 734 2940; x_wconf 79' lang='lat' dir='ltr'><strong>Ruperti</strong></span> <span class='ocrx_word' id='word_1_180' title='bbox 759 2869 824 2925; x_wconf 95' lang='lat' dir='ltr'><strong>und</strong></span> <span class='ocrx_word' id='word_1_181' title='bbox 849 2869 880 2924; x_wconf 86' lang='lat' dir='ltr'><strong>ll.</strong></span> <span class='ocrx_word' id='word_1_182' title='bbox 898 2870 1079 2926; x_wconf 85' lang='lat' dir='ltr'><strong>Scblicbt-</strong></span> 
     </span>
     <span class='ocr_line' id='line_1_24' title="bbox 72 2952 1081 3027; baseline 0.002 -18"><span class='ocrx_word' id='word_1_183' title='bbox 72 2956 183 3009; x_wconf 92' lang='lat' dir='ltr'><strong>borst.</strong></span> <span class='ocrx_word' id='word_1_184' title='bbox 209 2954 403 3024; x_wconf 76' lang='lat' dir='ltr'><strong>contingen</strong></span> <span class='ocrx_word' id='word_1_185' title='bbox 419 2954 519 3015; x_wconf 81' lang='lat'>1793.“</span> <span class='ocrx_word' id='word_1_186' title='bbox 535 2953 708 3024; x_wconf 81' lang='lat' dir='ltr'><strong>inscribitur,</strong></span> <span class='ocrx_word' id='word_1_187' title='bbox 723 2954 778 3009; x_wconf 88' lang='lat' dir='ltr'><strong>vol.</strong></span> <span class='ocrx_word' id='word_1_188' title='bbox 791 2952 824 3019; x_wconf 79' lang='lat' dir='ltr'><strong>lt</strong></span> <span class='ocrx_word' id='word_1_189' title='bbox 841 2954 911 3011; x_wconf 83' lang='lat' dir='ltr'><strong>fasc.</strong></span> <span class='ocrx_word' id='word_1_190' title='bbox 926 2961 951 3024; x_wconf 91' lang='lat' dir='ltr'><strong>l,</strong></span> <span class='ocrx_word' id='word_1_191' title='bbox 966 2973 993 3027; x_wconf 88' lang='lat' dir='ltr'><strong>p.</strong></span> <span class='ocrx_word' id='word_1_192' title='bbox 1003 2962 1081 3015; x_wconf 82' lang='lat'><strong>99-</strong></span> 
     </span>
     <span class='ocr_line' id='line_1_25' title="bbox 73 3038 1079 3111; baseline -0.001 -16"><span class='ocrx_word' id='word_1_193' title='bbox 73 3042 133 3097; x_wconf 72' lang='lat'><strong>127.</strong></span> <span class='ocrx_word' id='word_1_194' title='bbox 171 3038 237 3107; x_wconf 84' lang='lat' dir='ltr'><strong>Ejus</strong></span> <span class='ocrx_word' id='word_1_195' title='bbox 260 3040 325 3095; x_wconf 91' lang='lat' dir='ltr'><strong>libri</strong></span> <span class='ocrx_word' id='word_1_196' title='bbox 341 3038 511 3111; x_wconf 88' lang='lat' dir='ltr'><strong>inspiciendi</strong></span> <span class='ocrx_word' id='word_1_197' title='bbox 532 3038 661 3111; x_wconf 83' lang='lat' dir='ltr'><strong>quoniam</strong></span> <span class='ocrx_word' id='word_1_198' title='bbox 679 3055 731 3094; x_wconf 92' lang='lat' dir='ltr'><strong>nec</strong></span> <span class='ocrx_word' id='word_1_199' title='bbox 748 3038 814 3094; x_wconf 89' lang='lat' dir='ltr'><strong>olim</strong></span> <span class='ocrx_word' id='word_1_200' title='bbox 829 3038 915 3094; x_wconf 85' lang='lat' dir='ltr'><strong>Axtio</strong></span> <span class='ocrx_word' id='word_1_201' title='bbox 933 3046 1016 3110; x_wconf 89' lang='lat' dir='ltr'><strong>atque</strong></span> <span class='ocrx_word' id='word_1_202' title='bbox 1033 3041 1079 3094; x_wconf 85' lang='lat' dir='ltr'><strong>Ri-</strong></span> 
     </span>
     <span class='ocr_line' id='line_1_26' title="bbox 71 3114 1078 3198; baseline 0.001 -21"><span class='ocrx_word' id='word_1_203' title='bbox 71 3117 151 3193; x_wconf 67' lang='lat' dir='ltr'><strong>{glero</strong></span> <span class='ocrx_word' id='word_1_204' title='bbox 169 3119 300 3196; x_wconf 90' lang='lat' dir='ltr'><strong>(quorum</strong></span> <span class='ocrx_word' id='word_1_205' title='bbox 316 3123 370 3179; x_wconf 85' lang='lat' dir='ltr'><strong>vid</strong></span> <span class='ocrx_word' id='word_1_206' title='bbox 386 3123 505 3198; x_wconf 85' lang='lat' dir='ltr'><strong>praelat.</strong></span> <span class='ocrx_word' id='word_1_207' title='bbox 522 3141 548 3195; x_wconf 92' lang='lat' dir='ltr'><strong>p.</strong></span> <span class='ocrx_word' id='word_1_208' title='bbox 563 3114 665 3195; x_wconf 81' lang='lat' dir='ltr'><strong>lX*))</strong></span> <span class='ocrx_word' id='word_1_209' title='bbox 688 3139 740 3178; x_wconf 88' lang='lat' dir='ltr'><strong>nee</strong></span> <span class='ocrx_word' id='word_1_210' title='bbox 760 3140 849 3195; x_wconf 88' lang='lat' dir='ltr'><strong>nuper</strong></span> <span class='ocrx_word' id='word_1_211' title='bbox 871 3123 937 3179; x_wconf 89' lang='lat' dir='ltr'><strong>mibi</strong></span> <span class='ocrx_word' id='word_1_212' title='bbox 954 3130 1078 3196; x_wconf 84' lang='lat' dir='ltr'><strong>potestas</strong></span> 
     </span>
     <span class='ocr_line' id='line_1_27' title="bbox 70 3206 1078 3280; baseline -0.001 -17"><span class='ocrx_word' id='word_1_213' title='bbox 70 3209 142 3264; x_wconf 87' lang='lat' dir='ltr'><strong>lacta</strong></span> <span class='ocrx_word' id='word_1_214' title='bbox 155 3213 211 3277; x_wconf 86' lang='lat' dir='ltr'><strong>est,</strong></span> <span class='ocrx_word' id='word_1_215' title='bbox 225 3224 386 3280; x_wconf 89' lang='lat' dir='ltr'><strong>quamquam</strong></span> <span class='ocrx_word' id='word_1_216' title='bbox 399 3207 526 3278; x_wconf 90' lang='lat' dir='ltr'><strong>equidem</strong></span> <span class='ocrx_word' id='word_1_217' title='bbox 543 3206 612 3262; x_wconf 89' lang='lat' dir='ltr'><strong>nibil</strong></span> <span class='ocrx_word' id='word_1_218' title='bbox 628 3207 693 3261; x_wconf 89' lang='lat' dir='ltr'><strong>novi</strong></span> <span class='ocrx_word' id='word_1_219' title='bbox 708 3224 744 3261; x_wconf 84' lang='lat' dir='ltr'><strong>ex</strong></span> <span class='ocrx_word' id='word_1_220' title='bbox 760 3224 795 3263; x_wconf 91' lang='lat' dir='ltr'><strong>eo</strong></span> <span class='ocrx_word' id='word_1_221' title='bbox 807 3208 905 3278; x_wconf 90' lang='lat' dir='ltr'><strong>didici,</strong></span> <span class='ocrx_word' id='word_1_222' title='bbox 919 3214 1008 3263; x_wconf 88' lang='lat' dir='ltr'><strong>tamen</strong></span> <span class='ocrx_word' id='word_1_223' title='bbox 1025 3209 1078 3264; x_wconf 86' lang='lat' dir='ltr'><strong>viri</strong></span> 
     </span>
     <span class='ocr_line' id='line_1_28' title="bbox 69 3291 1080 3365; baseline -0.002 -16"><span class='ocrx_word' id='word_1_224' title='bbox 69 3292 190 3349; x_wconf 77' lang='lat' dir='ltr'><strong>deluncb</strong></span> <span class='ocrx_word' id='word_1_225' title='bbox 207 3309 319 3365; x_wconf 89' lang='lat' dir='ltr'><strong>operam</strong></span> <span class='ocrx_word' id='word_1_226' title='bbox 331 3293 455 3349; x_wconf 90' lang='lat' dir='ltr'><strong>sobriam</strong></span> <span class='ocrx_word' id='word_1_227' title='bbox 467 3299 549 3363; x_wconf 89' lang='lat' dir='ltr'><strong>atque</strong></span> <span class='ocrx_word' id='word_1_228' title='bbox 561 3291 713 3356; x_wconf 88' lang='lat' dir='ltr'><strong>modestam</strong></span> <span class='ocrx_word' id='word_1_229' title='bbox 724 3292 838 3348; x_wconf 89' lang='lat' dir='ltr'><strong>silentio</strong></span> <span class='ocrx_word' id='word_1_230' title='bbox 850 3308 977 3365; x_wconf 89' lang='lat' dir='ltr'><strong>premere</strong></span> <span class='ocrx_word' id='word_1_231' title='bbox 991 3294 1080 3360; x_wconf 89' lang='lat' dir='ltr'><strong>nolui,</strong></span> 
     </span>
     <span class='ocr_line' id='line_1_29' title="bbox 69 3375 1078 3450; baseline -0.004 -16"><span class='ocrx_word' id='word_1_232' title='bbox 69 3394 128 3434; x_wconf 89' lang='lat' dir='ltr'><strong>cum</strong></span> <span class='ocrx_word' id='word_1_233' title='bbox 142 3378 272 3450; x_wconf 86' lang='lat' dir='ltr'><strong>prolecto</strong></span> <span class='ocrx_word' id='word_1_234' title='bbox 289 3394 342 3450; x_wconf 92' lang='lat' dir='ltr'><strong>pro</strong></span> <span class='ocrx_word' id='word_1_235' title='bbox 358 3377 435 3433; x_wconf 89' lang='lat' dir='ltr'><strong>illins</strong></span> <span class='ocrx_word' id='word_1_236' title='bbox 447 3376 547 3434; x_wconf 88' lang='lat' dir='ltr'><strong>aetatis</strong></span> <span class='ocrx_word' id='word_1_237' title='bbox 561 3375 687 3446; x_wconf 79' lang='lat' dir='ltr'><strong>ingenio,</strong></span> <span class='ocrx_word' id='word_1_238' title='bbox 703 3392 774 3447; x_wconf 88' lang='lat' dir='ltr'><strong>quae</strong></span> <span class='ocrx_word' id='word_1_239' title='bbox 785 3378 986 3450; x_wconf 78' lang='lat' dir='ltr'><strong>proleqomenia</strong></span> <span class='ocrx_word' id='word_1_240' title='bbox 1003 3377 1078 3430; x_wconf 84' lang='lat' dir='ltr'><strong>Wol-</strong></span> 
     </span>
     <span class='ocr_line' id='line_1_30' title="bbox 64 3459 1077 3532; baseline -0.002 -15"><span class='ocrx_word' id='word_1_241' title='bbox 64 3462 147 3532; x_wconf 78' lang='lat' dir='ltr'><strong>fium&#39;s</strong></span> <span class='ocrx_word' id='word_1_242' title='bbox 162 3463 284 3519; x_wconf 89' lang='lat' dir='ltr'><strong>nondum</strong></span> <span class='ocrx_word' id='word_1_243' title='bbox 295 3462 322 3517; x_wconf 89' lang='lat' dir='ltr'><strong>in</strong></span> <span class='ocrx_word' id='word_1_244' title='bbox 335 3463 427 3517; x_wconf 92' lang='lat' dir='ltr'><strong>lucem</strong></span> <span class='ocrx_word' id='word_1_245' title='bbox 437 3460 548 3516; x_wconf 89' lang='lat' dir='ltr'><strong>emissis</strong></span> <span class='ocrx_word' id='word_1_246' title='bbox 561 3459 607 3515; x_wconf 87' lang='lat' dir='ltr'><strong>vel</strong></span> <span class='ocrx_word' id='word_1_247' title='bbox 618 3459 810 3530; x_wconf 82' lang='lat' dir='ltr'><strong>Argonautica</strong></span> <span class='ocrx_word' id='word_1_248' title='bbox 823 3462 871 3518; x_wconf 87' lang='lat' dir='ltr'><strong>illa</strong></span> <span class='ocrx_word' id='word_1_249' title='bbox 884 3459 1077 3528; x_wconf 88' lang='lat' dir='ltr'><strong>antiquissimo</strong></span> 
     </span>
     <span class='ocr_line' id='line_1_31' title="bbox 67 3542 1077 3620; baseline 0 -18"><span class='ocrx_word' id='word_1_250' title='bbox 67 3545 179 3619; x_wconf 88' lang='lat' dir='ltr'><strong>Orpbeo</strong></span> <span class='ocrx_word' id='word_1_251' title='bbox 196 3547 361 3606; x_wconf 80' lang='lat' dir='ltr'><strong>adscribere</strong></span> <span class='ocrx_word' id='word_1_252' title='bbox 378 3561 433 3603; x_wconf 89' lang='lat' dir='ltr'><strong>non</strong></span> <span class='ocrx_word' id='word_1_253' title='bbox 450 3545 602 3620; x_wconf 84' lang='lat' dir='ltr'><strong>dubitabat,</strong></span> <span class='ocrx_word' id='word_1_254' title='bbox 620 3552 699 3601; x_wconf 87' lang='lat' dir='ltr'><strong>acute</strong></span> <span class='ocrx_word' id='word_1_255' title='bbox 716 3546 750 3602; x_wconf 92' lang='lat' dir='ltr'><strong>de</strong></span> <span class='ocrx_word' id='word_1_256' title='bbox 766 3542 987 3601; x_wconf 87' lang='lat' dir='ltr'><strong>llanetbonianis</strong></span> <span class='ocrx_word' id='word_1_257' title='bbox 999 3544 1077 3611; x_wconf 84' lang='lat' dir='ltr'><strong>judi-</strong></span> 
     </span>
    </p>
   </div>
   <div class='ocr_carea' id='block_1_3' title="bbox 836 3640 875 3701">
    <p class='ocr_par' dir='ltr' id='par_1_4' title="bbox 836 3640 875 3701">
     <span class='ocr_line' id='line_1_32' title="bbox 836 3640 875 3701; baseline 0 -25"><span class='ocrx_word' id='word_1_258' title='bbox 836 3640 875 3701; x_wconf 62' lang='lat' dir='ltr'><strong>a*</strong></span> 
     </span>
    </p>
   </div>
   <div class='ocr_carea' id='block_1_4' title="bbox 0 0 1238 3942">
    <p class='ocr_par' dir='ltr' id='par_1_5' title="bbox 0 0 1238 3942">
     <span class='ocr_line' id='line_1_33' title="bbox 0 0 1238 3942; baseline 0 5"><span class='ocrx_word' id='word_1_259' title='bbox 0 0 1238 3942; x_wconf 95' lang='lat' dir='ltr'><strong> </strong></span> 
     </span>
    </p>
   </div>
  </div>
 </body>
</html>
