2467 3942
389 156 688 218 ΑΠΟΕΠΑΕΜΑΤΙΑ.
978 160 1020 226 79

62 330 203 411 δικαιίοε,
238 327 394 408 δπότεροί
423 329 500 395 εἰειν
529 329 561 395 οἱ
593 330 632 394 τὸ
662 328 762 409 ἔργον
795 329 1017 412 πεποιηκότες,

59 415 183 495 ἠρώτων
211 413 244 480 οἱ
270 413 393 493 Ῥηνείε
420 414 496 480 τοὺ(
523 413 684 497 Δηλίοοε,
712 413 753 478 δι’
778 414 819 493 ἣν
847 414 949 481 αἰτίαν
973 416 1018 481 ιίιε

60 498 166 567 αὐτοὺς
187 497 365 582 ἀφίκοντο·
388 497 463 564 οὔτε
485 498 548 577 γὰρ
570 499 700 580 λιμένα(
715 496 798 564 εἶναι
814 501 890 579 παρ’
907 499 1019 566 αὑτοίε

59 585 127 651 οὔτε
148 585 302 666 ἐμπόριον
324 582 400 649 οὔτε
422 582 525 663 ἄλλην
553 585 717 665 διατριβήν
739 583 908 665 οὐδεμίαν·
937 584 1018 650 πάν·

58 689 108 736 τοι
128 670 162 736 δὲ
183 669 379 749 ἀνθρώπου(
401 666 601 750 ἀφικνεῑεθαι
624 669 707 748 πρὸε
728 670 787 747 πλν
809 670 925 748 Δῆλον
947 669 1017 735 ἔλε-

58 774 112 831 γον
132 754 182 819 καὶ
202 754 297 820 αὐτοὶ
317 756 359 819 τὰ
380 754 489 820 πολλὰ
512 753 548 818 ἐν
564 754 667 832 Δήλω
684 754 863 834 διατρίβειν.
899 756 1018 820 τῶνδὲ

57 839 179 919 Δηλίων
201 838 468 919 ἀποκρινομένων
491 838 618 921 αὐτοίε,
645 816 695 905 ότι
716 837 817 917 ἱερεῖα
837 838 1018 919 ἀγοράεον-

56 944 102 990 τεε
127 924 158 990 οἱ
185 923 354 1004 ἄνθρωποι
383 924 531 1003 διέβηεαν
559 922 604 988 εἰε
631 923 690 1002 τήν
718 922 879 1003 Ῥήνειαν,
908 924 961 989 διὰ
988 922 1018 988 τί

57 1008 125 1088 οὖν,
152 1007 278 1090 ἔφατον
306 1007 338 1073 οἱ
365 1006 504 1089 Ῥηνεῑε,
534 1007 561 1073 εἰ
582 1007 684 1087 ἱερεῖα
705 1006 786 1086 ἧκον
808 1006 1017 1091 ὠνηεόμενοι,

59 1091 97 1159 ὥε
117 1114 208 1174 φατε,
232 1093 309 1159 τούε
336 1094 454 1159 παῖδαε
482 1094 559 1159 τοὺε
581 1092 783 1158 ἀκολούθοοε
810 1093 871 1159 οὐκ
891 1093 1017 1172 ήγαγον

56 1179 123 1244 τοὺ(
144 1178 282 1247 ἄξονται
303 1178 344 1242 τὰ
365 1178 476 1261 ἱερεῖα,
499 1177 583 1243 ἀλλὰ
597 1177 674 1257 παρ’
696 1177 771 1256 ὑμῖν
793 1178 829 1243 ἐν
844 1179 947 1261 Δήλῳ
962 1199 1017 1243 κα-

56 1265 193 1347 τέλιπον,
222 1263 317 1330 αὐτοὶ
342 1265 379 1329 δὲ
407 1264 502 1344 μόνοι
529 1263 692 1344 διέβηεαν;
719 1264 802 1341 πρόε
830 1263 865 1327 δὲ
887 1261 1017 1328 τούτοιε

56 1349 216 1428 τριάκοντα
242 1349 379 1415 (ταδίων
408 1346 517 1414 ὄντων
552 1348 618 1414 ἀπὸ
645 1350 702 1427 τήε
729 1346 906 1427 διαβάεεωε
933 1348 1016 1428 πρὸ(

57 1434 105 1513 τήν
129 1435 226 1500 πόλιν
254 1434 313 1514 τήν
341 1433 520 1514 Ῥηναέων,
548 1432 696 1512 τραχείαε
727 1431 824 1512 οὔεηε
851 1433 948 1511 δδοῦ,
977 1432 1018 1497 δι’

57 1515 88 1596 ήε
112 1519 177 1585 ἔδει
202 1517 322 1584 αὐτοὺς
349 1521 546 1598 πορευθῆναι
569 1518 622 1583 ἐπὶ
643 1519 703 1597 τήν
725 1518 911 1601 ἀγοραείαν,
937 1515 1016 1582 ἄνευ

56 1602 262 1685 ὑποδημάτων
284 1603 447 1688 διέβηεαν,
475 1605 512 1670 ἐν
534 1604 637 1687 Δήλῳ
660 1602 690 1667 δ’
711 1602 747 1667 ἐν
768 1607 814 1667 τῶ
836 1601 913 1687 ἱερῷ
935 1602 1016 1667 ὑπο-

58 1691 210 1768 δεδεμένοι
238 1688 472 1771 περιεπάτουν;
507 1690 674 1774 Anonym.
710 1686 752 1751 ad
779 1667 936 1771 Hermog.
966 1685 1016 1750 IV

56 1793 83 1856 p.
101 1772 163 1838 445
178 1793 228 1859 sq.
250 1772 304 1837 W.
347 1772 423 1837 Huc
444 1774 610 1856 pertinent
631 1771 761 1858 glossae
782 1771 1017 1858 Harpocratio-

57 1857 113 1920 πίω
135 1855 302 1940 ἀγοράσαι
329 1858 402 1924 ἀντὶ
428 1862 487 1923 τοῦ
510 1857 688 1938 ὠνήεαεθαι
710 1858 781 1924 Ὑπ.
805 1856 909 1942 ἐντῷ
933 1858 1015 1937 Δηλ.

58 1948 85 2005 et
99 1937 247 2024 Ῥηναία·
272 1943 344 2008 Ὑπ.
368 1944 450 2022 Δηλ

130 2027 182 2091 74.
213 2025 386 2103 Σύνταξιν
415 2026 453 2092 ἐν
475 2030 522 2112 τῷ
544 2025 689 2111 παρόντι
711 2023 829 2091 οὐδενὶ
851 2026 1014 2108 διδόντες,
1028 2052 1054 2094 τε

58 2104 141 2193 ήρετς
162 2110 204 2175 δέ
223 2129 304 2175 ποτε
326 2108 516 2196 ἠξιώσαμεν
538 2112 667 2194 λαβεῖν.
688 2149 726 2158 -
747 2110 909 2197 Harpoer.
933 2133 959 2174 s.
982 2133 1015 2176 v.

58 2195 200 2281 ιιίντοξιε,
223 2193 266 2260 ef.
289 2195 331 2260 Ε.
353 2196 399 2265 Μ.
421 2219 452 2282 p.
478 2195 549 2277 736,
572 2198 610 2278 33
635 2196 726 2261 Suid.
749 2195 844 2259 Phot.
868 2218 894 2259 s.
917 2218 950 2260 v.

130 2281 183 2347 75.
201 2278 345 2346 ’Ἀνετον
372 2281 444 2347 ἀντὶ
470 2285 529 2347 τοῦ
555 2280 645 2361 ἱερὸν
673 2282 726 2346 καλ
752 2278 923 2361 ἀνειμένον
951 2284 1015 2364 θεῷ
1029 2307 1054 2349 ιο

59 2385 110 2434 τινι
130 2367 202 2433 Ὑπ.
224 2368 308 2447 Δηλ.
331 2366 452 2450 Harp.;
475 2365 517 2431 ef.
540 2366 579 2430 B.
596 2367 639 2429 A.
661 2363 809 2447 399,12;
831 2364 923 2430 Suid.
939 2387 965 2429 e.
981 2388 1014 2430 v.

130 2452 183 2517 76.
210 2449 371 2515 Ἀποτκία.
400 2452 488 2516 ἰδίωε
514 2452 556 2516 τὰ
582 2450 751 2532 γράμματα
777 2451 850 2516 καθ’
879 2449 1054 2518 ἃάποι-ιι

58 2538 133 2603 κοῦιί
153 2556 240 2602 τινες
262 2536 366 2602 οὕτωε
388 2535 573 2616 ὠνόμαιαν·
595 2535 667 2601 Ὑπ.
689 2537 773 2615 Δηλ.
796 2532 957 2619 Harpoer.

132 2621 183 2686 77.
205 2618 240 2682 Ἀ
262 2623 413 2704 τεμίσιον
434 2620 523 2686 ἰδίωε
543 2622 582 2687 τὸ
596 2623 654 2700 τῆς
675 2620 858 2701 Ἀρτέμιδοε
872 2618 1015 2699 ἄγαλμα·
1029 2646 1053 2688 τε

58 2701 121 2770 Ὑπ.
141 2708 225 2786 Δηλ.
242 2642 411 2789 ffiarpoer.

131 2790 184 2855 78.
206 2791 411 2873 προηροαία·
427 2789 502 2855 Ὑπ.
512 2791 594 2870 Δηλ.
607 2789 713 2871 ὄνομα
722 2789 838 2855 θυείαε.
853 2785 1015 2874 Harpoer.
1029 2815 1054 2856 το

59 2942 116 3007 παρ’
131 2942 228 2996 αὐτοῖς
247 2943 322 3008 eod„
351 2961 403 2996 em.
422 2944 450 2994 S.
479 2970 511 2980 -
534 2940 602 2994 οὐδὲ
624 2941 714 3008 ἄλλην
734 2944 770 2995 ei.
791 2944 819 2995 S.
855 2940 964 2994 πάντα(
982 2955 1015 2995 τε

60 3010 123 3140 οι.
140 3028 196 3131 ιι·
211 3013 248 3132 ι·
263 3010 745 3145 ῑωνιιμτιννιί
759 3009 1015 3146 ῑιιαωμ

60 3145 138 3208 priore
155 3148 219 3200 loeo
237 3147 366 3212 μηλιακιῖι
384 3146 521 3198 BOFHK.
552 3173 585 3182 -
615 3145 648 3197 ⁷5
666 3144 824 3199 εαντόξεωε
843 3151 872 3197 et
890 3145 924 3197 οὐ
938 3095 1015 3199 Ιόίδο-

60 3223 98 3263 τοι
113 3216 145 3265 Ε.
161 3216 209 3278 M„
229 3215 279 3267 sed
297 3215 358 3267 eod.
377 3215 491 3281 lugdun.
512 3214 709 3265 Valckeneerii
726 3213 856 3266 εύνταξιν
874 3220 902 3265 et
919 3212 1015 3266 οὐδενί

60 3276 173 3336 διδόντες
191 3299 251 3334 cum
267 3283 355 3348 Harp.
373 3309 408 3320 -
424 3280 457 3335 δέ
473 3295 546 3335 ποτε
557 3284 590 3346 Δ,
609 3281 719 3346 fluidae,
737 3282 828 3347 Phoe,
847 3279 919 3333 ποτὲ
937 3280 1015 3344 (τότε

61 3347 88 3397 οἱ.
103 3349 164 3416 Bk.)
182 3351 271 3402 ceteri
292 3351 353 3404 eod.
370 3352 459 3417 Harp.
485 3376 520 3388 --
545 3352 578 3402 76
600 3349 745 3415 δηλιακῶν
766 3351 799 3401 F.
826 3376 859 3387 -
885 3350 919 3400 77
942 3346 1013 3413 Δηλ.

62 3428 104 3465 om.
120 3416 196 3469 BCF.
225 3416 286 3482 αρτ.
306 3416 383 3471 ίδίωε
401 3417 451 3482 μὲν
469 3417 511 3471 Ὑ.
529 3416 666 3470 πολλάκις
685 3415 815 3481 ωνόμαεε
831 3414 866 3468 τὸ
883 3416 936 3479 τήε
954 3413 1014 3478 Ἀρ-

61 3478 160 3545 ῖέμιδοτ
177 3485 289 3550 ἄγαλμα
305 3486 431 3540 Ε..Βιιίιί.
449 3514 483 3523 -
501 3488 534 3537 '18
552 3482 717 3552 exponendae
734 3487 769 3541 D.
787 3511 820 3523 ·-
