<?xml version="1.0" encoding="UTF-8"?>
<!DOCTYPE html PUBLIC "-//W3C//DTD XHTML 1.0 Transitional//EN"
    "http://www.w3.org/TR/xhtml1/DTD/xhtml1-transitional.dtd">
<html xmlns="http://www.w3.org/1999/xhtml" xml:lang="en" lang="en">
 <head>
  <title>
</title>
<meta http-equiv="Content-Type" content="text/html;charset=utf-8" />
  <meta name='ocr-system' content='tesseract 3.04.00' />
  <meta name='ocr-capabilities' content='ocr_page ocr_carea ocr_par ocr_line ocrx_word'/>
</head>
<body>
  <div class='ocr_page' id='page_1' title='image "./hyperidisoratio01blasgoog/hyperidisoratio01blasgoog_0539.png"; bbox 0 0 2467 3942; ppageno 0'>
   <div class='ocr_carea' id='block_1_1' title="bbox 423 185 1047 287">
    <p class='ocr_par' dir='ltr' id='par_1_1' title="bbox 423 185 1047 287">
     <span class='ocr_line' id='line_1_1' title="bbox 423 185 1047 287; baseline 0.006 -4"><span class='ocrx_word' id='word_1_1' title='bbox 423 223 609 285; x_wconf 80' lang='grc' dir='ltr'><strong><em>ΒιοΛιοΝ</em></strong></span> <span class='ocrx_word' id='word_1_2' title='bbox 629 224 664 283; x_wconf 91' lang='lat' dir='ltr'><strong><em>A.</em></strong></span> <span class='ocrx_word' id='word_1_3' title='bbox 866 185 870 191; x_wconf 42' lang='lat'><strong><em>⁴</em></strong></span> <span class='ocrx_word' id='word_1_4' title='bbox 1006 223 1047 287; x_wconf 81' lang='grc' dir='ltr'><strong><em>ετ</em></strong></span> 
     </span>
    </p>
   </div>
   <div class='ocr_carea' id='block_1_2' title="bbox 15 388 1045 3271">
    <p class='ocr_par' dir='ltr' id='par_1_2' title="bbox 15 388 1045 3271">
     <span class='ocr_line' id='line_1_2' title="bbox 42 388 995 484; baseline -0.001 -14"><span class='ocrx_word' id='word_1_5' title='bbox 42 408 97 481; x_wconf 82' lang='lat'><strong><em>3.</em></strong></span> <span class='ocrx_word' id='word_1_6' title='bbox 132 388 363 467; x_wconf 57' lang='lat' dir='ltr'><strong><em>‘omo&#39;nff&#39;</em></strong></span> <span class='ocrx_word' id='word_1_7' title='bbox 341 423 385 464; x_wconf 88' lang='grc' dir='ltr'><strong><em>αν</em></strong></span> <span class='ocrx_word' id='word_1_8' title='bbox 396 392 540 483; x_wconf 86' lang='grc' dir='ltr'><strong><em>σκοπιήν</em></strong></span> <span class='ocrx_word' id='word_1_9' title='bbox 553 394 805 484; x_wconf 88' lang='grc' dir='ltr'><strong><em>ωροσκοπον</em></strong></span> <span class='ocrx_word' id='word_1_10' title='bbox 816 393 995 470; x_wconf 81' lang='grc' dir='ltr'><strong><em>ωθίνεσσιν</em></strong></span> 
     </span>
     <span class='ocr_line' id='line_1_3' title="bbox 16 488 978 592; baseline -0.002 -19"><span class='ocrx_word' id='word_1_11' title='bbox 16 495 435 587; x_wconf 78' lang='grc' dir='ltr'><strong><em>126Ερμείαςκατάγη,</em></strong></span> <span class='ocrx_word' id='word_1_12' title='bbox 452 494 550 592; x_wconf 76' lang='grc' dir='ltr'><strong><em>τῷδ’</em></strong></span> <span class='ocrx_word' id='word_1_13' title='bbox 565 488 978 589; x_wconf 77' lang='grc' dir='ltr'><strong><em>ήΚυθέρηέπίφοιτος,</em></strong></span> 
     </span>
     <span class='ocr_line' id='line_1_4' title="bbox 96 590 996 699; baseline 0.004 -28"><span class='ocrx_word' id='word_1_14' title='bbox 96 601 231 693; x_wconf 78' lang='grc' dir='ltr'><strong><em>ὃή’τοτε</em></strong></span> <span class='ocrx_word' id='word_1_15' title='bbox 242 590 383 691; x_wconf 76' lang='grc' dir='ltr'><strong><em>ῥήτορας</em></strong></span> <span class='ocrx_word' id='word_1_16' title='bbox 394 598 521 690; x_wconf 73' lang='grc' dir='ltr'><strong><em>ἄνδρας</em></strong></span> <span class='ocrx_word' id='word_1_17' title='bbox 535 599 637 671; x_wconf 64' lang='grc' dir='ltr'><strong><em>Γὸίέν</em></strong></span> <span class='ocrx_word' id='word_1_18' title='bbox 649 609 786 699; x_wconf 85' lang='grc' dir='ltr'><strong><em>σοφίησι</em></strong></span> <span class='ocrx_word' id='word_1_19' title='bbox 799 611 996 691; x_wconf 87' lang='grc' dir='ltr'><strong><em>κρατίστους</em></strong></span> 
     </span>
     <span class='ocr_line' id='line_1_5' title="bbox 96 701 977 796; baseline 0.001 -20"><span class='ocrx_word' id='word_1_20' title='bbox 96 711 260 776; x_wconf 77' lang='grc' dir='ltr'><strong><em>ἔσσεσθαι</em></strong></span> <span class='ocrx_word' id='word_1_21' title='bbox 275 711 438 789; x_wconf 72' lang='grc' dir='ltr'><strong><em>δείκνυσι,</em></strong></span> <span class='ocrx_word' id='word_1_22' title='bbox 456 705 513 772; x_wconf 81' lang='grc' dir='ltr'><strong><em>καί</em></strong></span> <span class='ocrx_word' id='word_1_23' title='bbox 526 701 749 793; x_wconf 75' lang='grc' dir='ltr'><strong><em>ἀστρολόγους</em></strong></span> <span class='ocrx_word' id='word_1_24' title='bbox 762 706 977 796; x_wconf 87' lang='grc' dir='ltr'><strong><em>θεοφήμους,</em></strong></span> 
     </span>
     <span class='ocr_line' id='line_1_6' title="bbox 98 805 914 897; baseline 0 -18"><span class='ocrx_word' id='word_1_25' title='bbox 98 814 139 879; x_wconf 83' lang='grc' dir='ltr'><strong><em>ἔν</em></strong></span> <span class='ocrx_word' id='word_1_26' title='bbox 152 836 189 878; x_wconf 87' lang='grc' dir='ltr'><strong><em>τε</em></strong></span> <span class='ocrx_word' id='word_1_27' title='bbox 201 814 422 897; x_wconf 84' lang='grc' dir='ltr'><strong><em>γεωμετρίησι</em></strong></span> <span class='ocrx_word' id='word_1_28' title='bbox 435 808 490 877; x_wconf 79' lang='grc' dir='ltr'><strong><em>καὶ</em></strong></span> <span class='ocrx_word' id='word_1_29' title='bbox 505 810 543 877; x_wconf 89' lang='grc' dir='ltr'><strong><em>ἐν</em></strong></span> <span class='ocrx_word' id='word_1_30' title='bbox 554 805 763 896; x_wconf 81' lang='grc' dir='ltr'><strong><em>τελετήσιν’</em></strong></span> <span class='ocrx_word' id='word_1_31' title='bbox 742 816 914 897; x_wconf 88' lang='grc' dir='ltr'><strong><em>αρίστους,</em></strong></span> 
     </span>
     <span class='ocr_line' id='line_1_7' title="bbox 17 915 914 1001; baseline -0.003 -17"><span class='ocrx_word' id='word_1_32' title='bbox 17 931 82 985; x_wconf 83' lang='lat'><strong><em>130</em></strong></span> <span class='ocrx_word' id='word_1_33' title='bbox 96 918 138 981; x_wconf 79' lang='grc' dir='ltr'><strong><em>ἐν</em></strong></span> <span class='ocrx_word' id='word_1_34' title='bbox 150 939 187 981; x_wconf 92' lang='grc' dir='ltr'><strong><em>τε</em></strong></span> <span class='ocrx_word' id='word_1_35' title='bbox 201 916 445 999; x_wconf 79' lang='grc' dir='ltr'><strong><em>λιθογλυφίησι</em></strong></span> <span class='ocrx_word' id='word_1_36' title='bbox 459 916 553 980; x_wconf 69' lang='grc' dir='ltr'><strong><em>θεοῖν</em></strong></span> <span class='ocrx_word' id='word_1_37' title='bbox 567 917 660 1001; x_wconf 81' lang='grc' dir='ltr'><strong><em>νηων</em></strong></span> <span class='ocrx_word' id='word_1_38' title='bbox 672 939 708 980; x_wconf 88' lang='grc' dir='ltr'><strong><em>τε</em></strong></span> <span class='ocrx_word' id='word_1_39' title='bbox 721 915 914 1001; x_wconf 88' lang='grc' dir='ltr'><strong><em>θεμέθλοις.</em></strong></span> 
     </span>
     <span class='ocr_line' id='line_1_8' title="bbox 51 1010 1042 1107; baseline 0.001 -20"><span class='ocrx_word' id='word_1_40' title='bbox 51 1028 74 1087; x_wconf 91' lang='grc'>4</span> <span class='ocrx_word' id='word_1_41' title='bbox 130 1014 238 1096; x_wconf 79' lang='grc' dir='ltr'><strong><em>Ζευς</em></strong></span> <span class='ocrx_word' id='word_1_42' title='bbox 251 1012 284 1084; x_wconf 80' lang='grc' dir='ltr'><strong><em>θ’</em></strong></span> <span class='ocrx_word' id='word_1_43' title='bbox 301 1010 560 1104; x_wconf 80' lang='grc' dir='ltr'><strong><em>ὑπερορμαίνων</em></strong></span> <span class='ocrx_word' id='word_1_44' title='bbox 574 1013 729 1105; x_wconf 73' lang='grc' dir='ltr'><strong><em>φοράδην</em></strong></span> <span class='ocrx_word' id='word_1_45' title='bbox 741 1011 827 1107; x_wconf 72' lang='grc' dir='ltr'><strong><em>ὑπὲρ</em></strong></span> <span class='ocrx_word' id='word_1_46' title='bbox 841 1014 962 1106; x_wconf 84' lang='grc' dir='ltr'><strong><em>ἀστέρα</em></strong></span> <span class='ocrx_word' id='word_1_47' title='bbox 974 1044 1042 1089; x_wconf 89' lang='grc' dir='ltr'><strong><em>πα-</em></strong></span> 
     </span>
     <span class='ocr_line' id='line_1_9' title="bbox 653 1144 755 1206; baseline 0 -20"><span class='ocrx_word' id='word_1_48' title='bbox 653 1144 755 1206; x_wconf 88' lang='grc' dir='ltr'><strong><em>τρος</em></strong></span> 
     </span>
     <span class='ocr_line' id='line_1_10' title="bbox 93 1214 963 1313; baseline 0.003 -24"><span class='ocrx_word' id='word_1_49' title='bbox 93 1216 187 1310; x_wconf 78' lang='grc' dir='ltr'><strong><em>ἡνίκ’</em></strong></span> <span class='ocrx_word' id='word_1_50' title='bbox 206 1214 249 1290; x_wconf 82' lang='grc' dir='ltr'><strong><em>ἀν</em></strong></span> <span class='ocrx_word' id='word_1_51' title='bbox 263 1222 301 1289; x_wconf 91' lang='grc' dir='ltr'><strong><em>ἐν</em></strong></span> <span class='ocrx_word' id='word_1_52' title='bbox 319 1219 451 1313; x_wconf 71' lang='grc' dir='ltr'><strong><em>καθέτῳ</em></strong></span> <span class='ocrx_word' id='word_1_53' title='bbox 463 1215 591 1307; x_wconf 78' lang='grc' dir='ltr'><strong><em>κόσμου</em></strong></span> <span class='ocrx_word' id='word_1_54' title='bbox 607 1223 738 1308; x_wconf 81' lang='grc' dir='ltr'><strong><em>μέσον</em></strong></span> <span class='ocrx_word' id='word_1_55' title='bbox 750 1216 963 1312; x_wconf 79' lang='grc' dir='ltr'><strong><em>άμφιπολεόη</em></strong></span> 
     </span>
     <span class='ocr_line' id='line_1_11' title="bbox 95 1316 775 1395; baseline -0.003 -17"><span class='ocrx_word' id='word_1_56' title='bbox 95 1316 221 1394; x_wconf 74' lang='grc' dir='ltr'><strong><em>οὐρανὸν</em></strong></span> <span class='ocrx_word' id='word_1_57' title='bbox 234 1317 264 1378; x_wconf 83' lang='grc' dir='ltr'><strong><em>ἐν</em></strong></span> <span class='ocrx_word' id='word_1_58' title='bbox 278 1316 414 1395; x_wconf 81' lang='grc' dir='ltr'><strong><em>καθόγρφ</em></strong></span> <span class='ocrx_word' id='word_1_59' title='bbox 516 1328 534 1371; x_wconf 83' lang='lat'>*</span> <span class='ocrx_word' id='word_1_60' title='bbox 636 1333 654 1375; x_wconf 68' lang='grc' dir='ltr'><strong><em>ε</em></strong></span> <span class='ocrx_word' id='word_1_61' title='bbox 757 1326 775 1368; x_wconf 87' lang='lat'>*</span> 
     </span>
     <span class='ocr_line' id='line_1_12' title="bbox 91 1420 889 1520; baseline 0.003 -25"><span class='ocrx_word' id='word_1_62' title='bbox 91 1431 228 1520; x_wconf 77' lang='grc' dir='ltr'><strong><em>ζωιθίω,</em></strong></span> <span class='ocrx_word' id='word_1_63' title='bbox 241 1430 341 1516; x_wconf 79' lang='grc' dir='ltr'><strong><em>τῆμος</em></strong></span> <span class='ocrx_word' id='word_1_64' title='bbox 355 1424 392 1496; x_wconf 71' lang='grc' dir='ltr'><strong><em>δὲ</em></strong></span> <span class='ocrx_word' id='word_1_65' title='bbox 405 1420 507 1512; x_wconf 83' lang='grc' dir='ltr'><strong><em>γονάς</em></strong></span> <span class='ocrx_word' id='word_1_66' title='bbox 519 1423 678 1516; x_wconf 77' lang='grc' dir='ltr'><strong><em>μερόπων</em></strong></span> <span class='ocrx_word' id='word_1_67' title='bbox 690 1453 741 1507; x_wconf 90' lang='grc' dir='ltr'><strong><em>τις</em></strong></span> <span class='ocrx_word' id='word_1_68' title='bbox 754 1426 889 1516; x_wconf 80' lang='grc' dir='ltr'><strong><em>ἐνέγκῃ,</em></strong></span> 
     </span>
     <span class='ocr_line' id='line_1_13' title="bbox 94 1528 1009 1620; baseline 0 -21"><span class='ocrx_word' id='word_1_69' title='bbox 94 1535 228 1599; x_wconf 80' lang='grc' dir='ltr'><strong><em>ἔσσεται</em></strong></span> <span class='ocrx_word' id='word_1_70' title='bbox 241 1530 559 1616; x_wconf 81' lang='grc' dir='ltr'><strong><em>ἐμπορικοῦπλοίου</em></strong></span> <span class='ocrx_word' id='word_1_71' title='bbox 573 1528 794 1619; x_wconf 88' lang='grc' dir='ltr'><strong><em>φορτοστόλος</em></strong></span> <span class='ocrx_word' id='word_1_72' title='bbox 807 1535 913 1620; x_wconf 75' lang='grc' dir='ltr'><strong><em>ἴδρις,</em></strong></span> <span class='ocrx_word' id='word_1_73' title='bbox 928 1563 930 1566; x_wconf 95' lang='grc'><strong><em>·</em></strong></span> <span class='ocrx_word' id='word_1_74' title='bbox 1007 1561 1009 1565; x_wconf 94' lang='grc'><em>·</em></span> 
     </span>
     <span class='ocr_line' id='line_1_14' title="bbox 21 1628 921 1723; baseline -0.002 -18"><span class='ocrx_word' id='word_1_75' title='bbox 21 1650 79 1705; x_wconf 81' lang='grc'><strong><em>135</em></strong></span> <span class='ocrx_word' id='word_1_76' title='bbox 94 1631 292 1721; x_wconf 77' lang='grc' dir='ltr'><strong><em>ναυκλήρου</em></strong></span> <span class='ocrx_word' id='word_1_77' title='bbox 305 1634 421 1719; x_wconf 81' lang='grc' dir='ltr'><strong><em>τέχνας</em></strong></span> <span class='ocrx_word' id='word_1_78' title='bbox 438 1628 476 1701; x_wconf 86' lang='grc' dir='ltr'><strong><em>θ’</em></strong></span> <span class='ocrx_word' id='word_1_79' title='bbox 492 1630 675 1722; x_wconf 77' lang='grc' dir='ltr'><strong><em>αἱρήσεται,</em></strong></span> <span class='ocrx_word' id='word_1_80' title='bbox 689 1636 727 1702; x_wconf 84' lang='grc' dir='ltr'><strong><em>ἐν</em></strong></span> <span class='ocrx_word' id='word_1_81' title='bbox 739 1634 871 1723; x_wconf 82' lang='grc' dir='ltr'><strong><em>χρέεσίυ</em></strong></span> <span class='ocrx_word' id='word_1_82' title='bbox 885 1662 921 1704; x_wconf 88' lang='grc' dir='ltr'><strong><em>τε</em></strong></span> 
     </span>
     <span class='ocr_line' id='line_1_15' title="bbox 15 1731 799 1825; baseline -0.001 -20"><span class='ocrx_word' id='word_1_83' title='bbox 15 1812 20 1821; x_wconf 51' lang='grc'><strong><em>,</em></strong></span> <span class='ocrx_word' id='word_1_84' title='bbox 94 1731 223 1824; x_wconf 76' lang='grc' dir='ltr'><strong><em>ἥμερον</em></strong></span> <span class='ocrx_word' id='word_1_85' title='bbox 237 1732 393 1823; x_wconf 81' lang='grc' dir='ltr'><strong><em>ἀνητοίσι</em></strong></span> <span class='ocrx_word' id='word_1_86' title='bbox 406 1732 575 1824; x_wconf 82' lang='grc' dir='ltr'><strong><em>βιάσεται,</em></strong></span> <span class='ocrx_word' id='word_1_87' title='bbox 589 1738 749 1825; x_wconf 79' lang='grc' dir='ltr'><strong><em>ἐργασίην</em></strong></span> <span class='ocrx_word' id='word_1_88' title='bbox 762 1762 799 1803; x_wconf 84' lang='grc' dir='ltr'><strong><em>τε</em></strong></span> 
     </span>
     <span class='ocr_line' id='line_1_16' title="bbox 94 1832 929 1930; baseline -0.004 -22"><span class='ocrx_word' id='word_1_89' title='bbox 94 1835 263 1908; x_wconf 85' lang='grc' dir='ltr'><strong><em>κοινωνόν</em></strong></span> <span class='ocrx_word' id='word_1_90' title='bbox 276 1842 411 1908; x_wconf 73' lang='grc' dir='ltr'><strong><em>πολλῶν</em></strong></span> <span class='ocrx_word' id='word_1_91' title='bbox 425 1832 635 1925; x_wconf 76' lang='grc' dir='ltr'><strong><em>συστήσεται,</em></strong></span> <span class='ocrx_word' id='word_1_92' title='bbox 650 1835 774 1907; x_wconf 82' lang='grc' dir='ltr'><strong><em>ἀστατα</em></strong></span> <span class='ocrx_word' id='word_1_93' title='bbox 789 1833 821 1905; x_wconf 77' lang='grc' dir='ltr'><strong><em>δ’</em></strong></span> <span class='ocrx_word' id='word_1_94' title='bbox 837 1833 929 1930; x_wconf 74' lang='grc' dir='ltr'><strong><em>αὐτῷ</em></strong></span> 
     </span>
     <span class='ocr_line' id='line_1_17' title="bbox 94 1938 927 2035; baseline -0.004 -23"><span class='ocrx_word' id='word_1_95' title='bbox 94 1945 134 2013; x_wconf 90' lang='grc' dir='ltr'><strong><em>έν</em></strong></span> <span class='ocrx_word' id='word_1_96' title='bbox 149 1939 292 2035; x_wconf 77' lang='grc' dir='ltr'><strong><em>θαλάμῳ</em></strong></span> <span class='ocrx_word' id='word_1_97' title='bbox 306 1955 455 2030; x_wconf 77' lang='grc' dir='ltr'><strong><em>νυμφεῖα</em></strong></span> <span class='ocrx_word' id='word_1_98' title='bbox 467 1938 645 2029; x_wconf 86' lang='grc' dir='ltr'><strong><em>γενήσεται</em></strong></span> <span class='ocrx_word' id='word_1_99' title='bbox 659 1946 698 2011; x_wconf 85' lang='grc' dir='ltr'><strong><em>ἐν</em></strong></span> <span class='ocrx_word' id='word_1_100' title='bbox 709 1967 746 2009; x_wconf 88' lang='grc' dir='ltr'><strong><em>τε</em></strong></span> <span class='ocrx_word' id='word_1_101' title='bbox 762 1943 927 2027; x_wconf 83' lang='grc' dir='ltr'><strong><em>γυναιξίν.</em></strong></span> 
     </span>
     <span class='ocr_line' id='line_1_18' title="bbox 53 2036 1045 2136; baseline -0.002 -20"><span class='ocrx_word' id='word_1_102' title='bbox 53 2058 74 2116; x_wconf 79' lang='lat'>6</span> <span class='ocrx_word' id='word_1_103' title='bbox 125 2041 315 2136; x_wconf 76' lang='grc' dir='ltr'><strong><em>Ἑρμῆς-θ’</em></strong></span> <span class='ocrx_word' id='word_1_104' title='bbox 332 2049 463 2124; x_wconf 77' lang='grc' dir='ltr'><strong><em>οἰκείως</em></strong></span> <span class='ocrx_word' id='word_1_105' title='bbox 476 2039 571 2112; x_wconf 84' lang='grc' dir='ltr'><strong><em>ὁπότ’</em></strong></span> <span class='ocrx_word' id='word_1_106' title='bbox 588 2036 632 2112; x_wconf 85' lang='grc' dir='ltr'><strong><em>ἀν</em></strong></span> <span class='ocrx_word' id='word_1_107' title='bbox 644 2040 729 2113; x_wconf 81' lang='grc' dir='ltr'><strong><em>κατὰ</em></strong></span> <span class='ocrx_word' id='word_1_108' title='bbox 742 2042 849 2113; x_wconf 81' lang='grc' dir='ltr'><strong><em>κύκλα</em></strong></span> <span class='ocrx_word' id='word_1_109' title='bbox 861 2048 1019 2136; x_wconf 77' lang='grc' dir='ltr'><strong><em>φαανθῇ,</em></strong></span> <span class='ocrx_word' id='word_1_110' title='bbox 1042 2076 1045 2089; x_wconf 66' lang='lat'><em>³</em></span> 
     </span>
     <span class='ocr_line' id='line_1_19' title="bbox 24 2142 991 2240; baseline -0.005 -20"><span class='ocrx_word' id='word_1_111' title='bbox 24 2165 79 2220; x_wconf 81' lang='lat'><strong><em>140</em></strong></span> <span class='ocrx_word' id='word_1_112' title='bbox 93 2150 263 2237; x_wconf 87' lang='grc' dir='ltr'><strong><em>μαρτυρίη</em></strong></span> <span class='ocrx_word' id='word_1_113' title='bbox 278 2146 511 2238; x_wconf 76' lang='grc' dir='ltr'><strong><em>δὲΚρόνοιο</em></strong></span> <span class='ocrx_word' id='word_1_114' title='bbox 524 2142 599 2215; x_wconf 85' lang='grc' dir='ltr'><strong><em>κατ’</em></strong></span> <span class='ocrx_word' id='word_1_115' title='bbox 618 2145 740 2236; x_wconf 81' lang='grc' dir='ltr'><strong><em>αἰθέρα</em></strong></span> <span class='ocrx_word' id='word_1_116' title='bbox 752 2150 840 2240; x_wconf 74' lang='grc' dir='ltr'><strong><em>τῷδε</em></strong></span> <span class='ocrx_word' id='word_1_117' title='bbox 851 2147 991 2236; x_wconf 77' lang='grc' dir='ltr'><strong><em>πελάζῃ,</em></strong></span> 
     </span>
     <span class='ocr_line' id='line_1_20' title="bbox 94 2246 1030 2342; baseline 0 -22"><span class='ocrx_word' id='word_1_118' title='bbox 94 2249 250 2342; x_wconf 76' lang='grc' dir='ltr'><strong><em>[ῥήτορας</em></strong></span> <span class='ocrx_word' id='word_1_119' title='bbox 269 2252 471 2339; x_wconf 74' lang='grc' dir='ltr'><strong><em>ἐμφαίνουσι</em></strong></span> <span class='ocrx_word' id='word_1_120' title='bbox 491 2246 632 2339; x_wconf 74' lang='grc' dir='ltr'><strong><em>βροτοὺς</em></strong></span> <span class='ocrx_word' id='word_1_121' title='bbox 645 2256 748 2340; x_wconf 84' lang='grc' dir='ltr'><strong><em>σοφίη</em></strong></span> <span class='ocrx_word' id='word_1_122' title='bbox 762 2277 798 2319; x_wconf 91' lang='grc' dir='ltr'><strong><em>τε</em></strong></span> <span class='ocrx_word' id='word_1_123' title='bbox 811 2256 1030 2338; x_wconf 82' lang='grc' dir='ltr'><strong><em>κρατίστους,]</em></strong></span> 
     </span>
     <span class='ocr_line' id='line_1_21' title="bbox 95 2350 993 2443; baseline -0.003 -18"><span class='ocrx_word' id='word_1_124' title='bbox 95 2358 251 2443; x_wconf 83' lang='grc' dir='ltr'><strong><em>ἑρμηνεῖς</em></strong></span> <span class='ocrx_word' id='word_1_125' title='bbox 261 2381 298 2424; x_wconf 86' lang='grc' dir='ltr'><strong><em>τε</em></strong></span> <span class='ocrx_word' id='word_1_126' title='bbox 309 2361 425 2442; x_wconf 85' lang='grc' dir='ltr'><strong><em>τίθησι</em></strong></span> <span class='ocrx_word' id='word_1_127' title='bbox 439 2356 496 2424; x_wconf 76' lang='grc' dir='ltr'><strong><em>καί</em></strong></span> <span class='ocrx_word' id='word_1_128' title='bbox 507 2350 730 2442; x_wconf 78' lang='grc' dir='ltr'><strong><em>ἀστρολόγους</em></strong></span> <span class='ocrx_word' id='word_1_129' title='bbox 742 2351 816 2422; x_wconf 87' lang='grc' dir='ltr'><strong><em>τότε</em></strong></span> <span class='ocrx_word' id='word_1_130' title='bbox 829 2352 993 2440; x_wconf 80' lang='grc' dir='ltr'><strong><em>θνητούς,</em></strong></span> 
     </span>
     <span class='ocr_line' id='line_1_22' title="bbox 93 2452 942 2569; baseline -0.001 -43"><span class='ocrx_word' id='word_1_131' title='bbox 93 2454 289 2546; x_wconf 82' lang='grc' dir='ltr'><strong><em>χρήματαθ’</em></strong></span> <span class='ocrx_word' id='word_1_132' title='bbox 306 2460 344 2527; x_wconf 91' lang='grc' dir='ltr'><strong><em>έν</em></strong></span> <span class='ocrx_word' id='word_1_133' title='bbox 357 2464 502 2547; x_wconf 82' lang='grc' dir='ltr'><strong><em>χείρεσσι</em></strong></span> <span class='ocrx_word' id='word_1_134' title='bbox 518 2452 607 2526; x_wconf 61' lang='lat' dir='ltr'><strong><em>nal*</em></strong></span> <span class='ocrx_word' id='word_1_135' title='bbox 588 2464 693 2546; x_wconf 83' lang='grc' dir='ltr'><strong><em>ολβον</em></strong></span> <span class='ocrx_word' id='word_1_136' title='bbox 705 2456 844 2569; x_wconf 84' lang='grc' dir='ltr'><strong><em>πρήξιας</em></strong></span> <span class='ocrx_word' id='word_1_137' title='bbox 856 2465 942 2526; x_wconf 84' lang='grc' dir='ltr'><strong><em>οίσει</em></strong></span> 
     </span>
     <span class='ocr_line' id='line_1_23' title="bbox 94 2536 960 2650; baseline 0 -20"><span class='ocrx_word' id='word_1_138' title='bbox 94 2558 137 2630; x_wconf 82' lang='grc' dir='ltr'><strong><em>οὐ</em></strong></span> <span class='ocrx_word' id='word_1_139' title='bbox 149 2560 254 2650; x_wconf 90' lang='grc' dir='ltr'><strong><em>μόνον</em></strong></span> <span class='ocrx_word' id='word_1_140' title='bbox 266 2557 452 2648; x_wconf 88' lang='grc' dir='ltr'><strong><em>ἀλλοτρίων</em></strong></span> <span class='ocrx_word' id='word_1_141' title='bbox 464 2558 633 2647; x_wconf 81' lang='grc' dir='ltr'><strong><em>κτεάνων,</em></strong></span> <span class='ocrx_word' id='word_1_142' title='bbox 654 2536 758 2630; x_wconf 81' lang='grc' dir='ltr'><strong><em>ίδίων</em></strong></span> <span class='ocrx_word' id='word_1_143' title='bbox 767 2560 804 2631; x_wconf 74' lang='grc' dir='ltr'><strong><em>δέ</em></strong></span> <span class='ocrx_word' id='word_1_144' title='bbox 818 2558 960 2649; x_wconf 88' lang='grc' dir='ltr'><strong><em>μάλιστα</em></strong></span> 
     </span>
     <span class='ocr_line' id='line_1_24' title="bbox 26 2662 1037 2756; baseline -0.005 -19"><span class='ocrx_word' id='word_1_145' title='bbox 26 2684 80 2738; x_wconf 76' lang='grc'><strong><em>145</em></strong></span> <span class='ocrx_word' id='word_1_146' title='bbox 96 2667 297 2756; x_wconf 75' lang='grc' dir='ltr'><strong><em>προστῆναι,</em></strong></span> <span class='ocrx_word' id='word_1_147' title='bbox 313 2671 392 2752; x_wconf 88' lang='grc' dir='ltr'><strong><em>γαίη</em></strong></span> <span class='ocrx_word' id='word_1_148' title='bbox 393 2691 459 2743; x_wconf 89' lang='grc' dir='ltr'><strong><em>ςτε</em></strong></span> <span class='ocrx_word' id='word_1_149' title='bbox 472 2677 586 2751; x_wconf 75' lang='grc' dir='ltr'><strong><em>τεμεῖν</em></strong></span> <span class='ocrx_word' id='word_1_150' title='bbox 663 2675 680 2717; x_wconf 86' lang='grc'>*</span> <span class='ocrx_word' id='word_1_151' title='bbox 757 2674 775 2717; x_wconf 84' lang='grc'><em>*</em></span> <span class='ocrx_word' id='word_1_152' title='bbox 1035 2662 1037 2667; x_wconf 57' lang='grc'>’</span> 
     </span>
     <span class='ocr_line' id='line_1_25' title="bbox 96 2764 963 2855; baseline -0.004 -21"><span class='ocrx_word' id='word_1_153' title='bbox 96 2779 113 2821; x_wconf 85' lang='grc'>*</span> <span class='ocrx_word' id='word_1_154' title='bbox 230 2777 281 2819; x_wconf 85' lang='grc'><strong><em>*·</em></strong></span> <span class='ocrx_word' id='word_1_155' title='bbox 362 2778 379 2820; x_wconf 83' lang='grc'><em>*</em></span> <span class='ocrx_word' id='word_1_156' title='bbox 495 2777 512 2819; x_wconf 83' lang='grc'><em>*</em></span> <span class='ocrx_word' id='word_1_157' title='bbox 629 2764 760 2855; x_wconf 84' lang='grc' dir='ltr'><strong><em>καρπόν</em></strong></span> <span class='ocrx_word' id='word_1_158' title='bbox 772 2764 963 2850; x_wconf 81' lang='grc' dir='ltr'><strong><em>περίνωτα</em></strong></span> 
     </span>
     <span class='ocr_line' id='line_1_26' title="bbox 57 2863 980 2958; baseline -0.01 -14"><span class='ocrx_word' id='word_1_159' title='bbox 57 2882 79 2944; x_wconf 86' lang='grc'><strong>6</strong></span> <span class='ocrx_word' id='word_1_160' title='bbox 132 2863 228 2958; x_wconf 74' lang='grc' dir='ltr'><strong><em>ήνθέ</em></strong></span> <span class='ocrx_word' id='word_1_161' title='bbox 241 2877 483 2958; x_wconf 86' lang='grc' dir='ltr'><strong><em>Σεληναίης</em></strong></span> <span class='ocrx_word' id='word_1_162' title='bbox 497 2866 747 2958; x_wconf 79' lang='grc' dir='ltr'><strong><em>ἑλικοδρόμος”</em></strong></span> <span class='ocrx_word' id='word_1_163' title='bbox 725 2891 863 2947; x_wconf 89' lang='grc' dir='ltr'><strong><em>αστατος</em></strong></span> <span class='ocrx_word' id='word_1_164' title='bbox 875 2863 980 2956; x_wconf 84' lang='grc' dir='ltr'><strong><em>ἀστήρ</em></strong></span> 
     </span>
     <span class='ocr_line' id='line_1_27' title="bbox 91 2966 978 3062; baseline -0.002 -20"><span class='ocrx_word' id='word_1_165' title='bbox 91 2970 291 3062; x_wconf 80' lang='grc' dir='ltr'><strong><em>Ἑρμείαν</em></strong></span> <span class='ocrx_word' id='word_1_166' title='bbox 304 2972 490 3061; x_wconf 81' lang='grc' dir='ltr'><strong><em>σύμφωνον</em></strong></span> <span class='ocrx_word' id='word_1_167' title='bbox 503 2979 561 3061; x_wconf 79' lang='grc' dir='ltr'><strong><em>ἔχη</em></strong></span> <span class='ocrx_word' id='word_1_168' title='bbox 574 2970 660 3042; x_wconf 82' lang='grc' dir='ltr'><strong><em>κατά</em></strong></span> <span class='ocrx_word' id='word_1_169' title='bbox 670 2970 797 3060; x_wconf 91' lang='grc' dir='ltr'><strong><em>κόσμου</em></strong></span> <span class='ocrx_word' id='word_1_170' title='bbox 811 2966 978 3059; x_wconf 87' lang='grc' dir='ltr'><strong><em>ἀταρπόν,</em></strong></span> 
     </span>
     <span class='ocr_line' id='line_1_28' title="bbox 97 3073 957 3169; baseline -0.005 -22"><span class='ocrx_word' id='word_1_171' title='bbox 97 3077 153 3147; x_wconf 80' lang='grc' dir='ltr'><strong><em>καί</em></strong></span> <span class='ocrx_word' id='word_1_172' title='bbox 169 3073 277 3165; x_wconf 86' lang='grc' dir='ltr'><strong><em>μοόνη</em></strong></span> <span class='ocrx_word' id='word_1_173' title='bbox 290 3078 507 3164; x_wconf 75' lang='grc' dir='ltr'><strong><em>Κυθέρεια</em></strong></span> <span class='ocrx_word' id='word_1_174' title='bbox 520 3080 607 3164; x_wconf 83' lang='grc' dir='ltr'><strong><em>σννή</em></strong></span> <span class='ocrx_word' id='word_1_175' title='bbox 621 3079 712 3168; x_wconf 79' lang='grc' dir='ltr'><strong><em>καλῷ</em></strong></span> <span class='ocrx_word' id='word_1_176' title='bbox 725 3075 957 3169; x_wconf 86' lang='grc' dir='ltr'><strong><em>Φαέθοντι,</em></strong></span> 
     </span>
     <span class='ocr_line' id='line_1_29' title="bbox 98 3174 889 3271; baseline -0.006 -21"><span class='ocrx_word' id='word_1_177' title='bbox 98 3183 259 3271; x_wconf 78' lang='grc' dir='ltr'><strong><em>ρεκτήρας</em></strong></span> <span class='ocrx_word' id='word_1_178' title='bbox 272 3193 410 3268; x_wconf 78' lang='grc' dir='ltr'><strong><em>χρυσοῖο</em></strong></span> <span class='ocrx_word' id='word_1_179' title='bbox 423 3179 480 3247; x_wconf 81' lang='grc' dir='ltr'><strong><em>καί</em></strong></span> <span class='ocrx_word' id='word_1_180' title='bbox 489 3174 694 3265; x_wconf 81' lang='grc' dir='ltr'><strong><em>Ἰνθογενοῦς</em></strong></span> <span class='ocrx_word' id='word_1_181' title='bbox 709 3179 889 3265; x_wconf 83' lang='grc' dir='ltr'><strong><em>ἐλέφαντος</em></strong></span> 
     </span>
    </p>
   </div>
   <div class='ocr_carea' id='block_1_3' title="bbox 29 3277 1009 3595">
    <p class='ocr_par' dir='ltr' id='par_1_3' title="bbox 29 3277 1009 3595">
     <span class='ocr_line' id='line_1_30' title="bbox 29 3277 1009 3382; baseline -0.014 -24"><span class='ocrx_word' id='word_1_182' title='bbox 29 3303 84 3358; x_wconf 80' lang='grc'><strong><em>150</em></strong></span> <span class='ocrx_word' id='word_1_183' title='bbox 98 3281 301 3382; x_wconf 82' lang='grc' dir='ltr'><strong><em>ἐργοπόνους</em></strong></span> <span class='ocrx_word' id='word_1_184' title='bbox 315 3287 478 3368; x_wconf 77' lang='grc' dir='ltr'><strong><em>δείκνυσι,</em></strong></span> <span class='ocrx_word' id='word_1_185' title='bbox 492 3281 548 3350; x_wconf 82' lang='grc' dir='ltr'><strong><em>καί</em></strong></span> <span class='ocrx_word' id='word_1_186' title='bbox 563 3284 601 3352; x_wconf 86' lang='grc' dir='ltr'><strong><em>ἐν</em></strong></span> <span class='ocrx_word' id='word_1_187' title='bbox 616 3286 841 3370; x_wconf 79' lang='grc' dir='ltr'><strong><em>πραπίδεσσιν</em></strong></span> <span class='ocrx_word' id='word_1_188' title='bbox 855 3277 1009 3366; x_wconf 86' lang='grc' dir='ltr'><strong><em>ἀρίστους</em></strong></span> 
     </span>
     <span class='ocr_line' id='line_1_31' title="bbox 91 3381 957 3474; baseline -0.013 -17"><span class='ocrx_word' id='word_1_189' title='bbox 91 3394 268 3473; x_wconf 69' lang='grc' dir='ltr'><strong><em>«ἔσσεσθαι,</em></strong></span> <span class='ocrx_word' id='word_1_190' title='bbox 281 3392 436 3474; x_wconf 78' lang='grc' dir='ltr'><strong><em>θριγκῶν</em></strong></span> <span class='ocrx_word' id='word_1_191' title='bbox 448 3411 485 3455; x_wconf 86' lang='grc' dir='ltr'><strong><em>τε</em></strong></span> <span class='ocrx_word' id='word_1_192' title='bbox 499 3386 556 3455; x_wconf 81' lang='grc' dir='ltr'><strong><em>καί</em></strong></span> <span class='ocrx_word' id='word_1_193' title='bbox 570 3381 731 3473; x_wconf 79' lang='grc' dir='ltr'><strong><em>εότοίχων</em></strong></span> <span class='ocrx_word' id='word_1_194' title='bbox 744 3384 957 3469; x_wconf 72' lang='grc' dir='ltr'><strong><em>κανονισμοὸν</em></strong></span> 
     </span>
     <span class='ocr_line' id='line_1_32' title="bbox 97 3485 910 3595; baseline -0.015 -33"><span class='ocrx_word' id='word_1_195' title='bbox 97 3488 273 3580; x_wconf 85' lang='grc' dir='ltr'><strong><em>κσσμήτας,</em></strong></span> <span class='ocrx_word' id='word_1_196' title='bbox 288 3487 377 3578; x_wconf 87' lang='grc' dir='ltr'><strong><em>μάλα</em></strong></span> <span class='ocrx_word' id='word_1_197' title='bbox 391 3516 444 3595; x_wconf 81' lang='grc' dir='ltr'><strong><em>τοι</em></strong></span> <span class='ocrx_word' id='word_1_198' title='bbox 458 3489 674 3580; x_wconf 78' lang='grc' dir='ltr'><strong><em>πεπονημένα</em></strong></span> <span class='ocrx_word' id='word_1_199' title='bbox 687 3485 910 3576; x_wconf 80' lang='grc' dir='ltr'><strong><em>τεχνάζοντος,</em></strong></span> 
     </span>
    </p>
   </div>
   <div class='ocr_carea' id='block_1_4' title="bbox 428 3632 614 3645">
    <p class='ocr_par' dir='ltr' id='par_1_4' title="bbox 428 3632 614 3645">
     <span class='ocr_line' id='line_1_33' title="bbox 428 3632 614 3645; baseline -0.011 1"><span class='ocrx_word' id='word_1_200' title='bbox 428 3632 432 3640; x_wconf 76' lang='grc'>’</span> <span class='ocrx_word' id='word_1_201' title='bbox 464 3632 614 3645; x_wconf 59' lang='lat' dir='ltr'><strong><em>u—-eu</em></strong></span> 
     </span>
    </p>
   </div>
   <div class='ocr_carea' id='block_1_5' title="bbox 804 3697 889 3765">
    <p class='ocr_par' dir='ltr' id='par_1_5' title="bbox 804 3697 889 3765">
     <span class='ocr_line' id='line_1_34' title="bbox 804 3697 889 3765; baseline -0.012 0"><span class='ocrx_word' id='word_1_202' title='bbox 804 3697 889 3765; x_wconf 41' lang='lat'><strong><em>5²¹¹*</em></strong></span> 
     </span>
    </p>
   </div>
   <div class='ocr_carea' id='block_1_6' title="bbox 0 0 1238 3942">
    <p class='ocr_par' dir='ltr' id='par_1_6' title="bbox 0 0 1238 3942">
     <span class='ocr_line' id='line_1_35' title="bbox 0 0 1238 3942; baseline 0 0"><span class='ocrx_word' id='word_1_203' title='bbox 0 0 1238 3942; x_wconf 95' lang='lat' dir='ltr'><strong><em> </em></strong></span> 
     </span>
    </p>
   </div>
  </div>
 </body>
</html>
