2467 3942
460 177 671 229 11111111.
970 166 1055 229 XXI

85 345 147 398 stes
157 338 323 398 inventurn
332 355 390 416 per
399 336 518 397 litteras
528 356 648 396 mecum
659 337 907 413 communicavit5
919 344 1055 397 ceterum

86 431 225 503 quartum
247 442 287 484 ex
308 422 354 482 eis
375 419 409 480 in
431 420 501 496 duo,
525 441 605 501 quae
628 420 730 482 colore
753 423 845 482 etiarn
865 422 978 504 papyri
993 420 1053 481 dis·

85 516 266 582 cernuntur,
287 505 494 567 dirimendum
512 514 567 570 est.
610 505 732 586 Nempe
749 506 808 565 ista
824 506 999 586 fragmenta
1013 505 1053 566 ab

84 590 240 654 Arahibus
263 592 381 671 insigni
401 591 537 670 quadam
558 590 712 652 industria
732 611 797 652 111
812 611 880 651 cum
894 591 963 651 aliis
978 591 1053 651 alic·

20 752 22 759 ,
84 697 147 737 rum
167 678 362 738 voluminum
382 678 427 736 ita
447 676 662 755 conglutinata
685 684 783 749 erant,
806 684 842 735 ut
862 676 978 754 integri
999 696 1052 736 vo-

20 794 22 809 :
83 758 208 823 luminis
228 763 363 841 speciem
384 760 584 842 praeberent3
607 761 691 840 quod
713 770 875 841 postquam
897 760 1054 821 evolutum

85 857 136 921 est,
159 849 267 907 statim
287 847 372 906 fraus
395 846 562 907 manifesta
583 846 653 906 suit.
691 845 755 907 Sed
776 845 950 906 coniunctis
972 862 1054 924 quae

20 962 22 985 ι
85 932 302 1012 coniungenda
328 942 401 991 sunt
434 931 495 992 duo
528 932 645 992 maiora
672 931 848 1010 fragmenta
876 939 906 991 et
935 939 1054 1010 septem

84 1017 203 1078 minora
224 1017 408 1090 efficiuntur,
432 1036 450 1077 e
472 1016 584 1096 quibus
605 1035 703 1077 unum
725 1036 764 1077 ex
784 1015 882 1076 tribus
905 1017 1053 1096 composi·

20 1110 21 1115 ’
84 1110 146 1162 tum
166 1120 272 1163 nurus
300 1121 369 1162 cum
397 1101 517 1162 duobus
538 1100 731 1162 Hatrisianis
758 1102 803 1160 ita
829 1100 990 1174 coalescit,
1018 1108 1054 1160 ut

20 1204 21 1207 ’
85 1187 187 1248 omnia
208 1189 270 1248 iam
290 1186 438 1246 continno
460 1186 524 1265 legi
545 1189 675 1265 possint.
711 1186 864 1246 Maiorum
885 1193 988 1246 nutem
1010 1186 1053 1245 al·

20 1308 21 1311 =
84 1280 181 1332 terum
203 1273 263 1332 iam
285 1270 325 1330 ah
339 1270 464 1351 Eggero
487 1290 556 1332 oum
571 1271 631 1331 alio
647 1271 829 1331 Harrisiano
852 1270 1054 1351 compositum

86 1364 138 1416 est.
184 1355 254 1435 Quo
275 1357 345 1416 loco
366 1376 432 1416 non
453 1375 578 1435 possum
600 1357 677 1435 quin
700 1355 831 1435 Sauppii
852 1355 1054 1435 sagacitatem

86 1439 129 1500 his
151 1443 242 1501 novis
264 1442 401 1501 inventis
422 1442 586 1521 insigniter
608 1439 836 1520 comprobatam
858 1439 1051 1520 praedicem

85 1544 153 1586 nam
183 1524 333 1606 pleraque
362 1527 479 1600 omnia,
509 1544 589 1606 quae
615 1528 649 1586 in
675 1525 867 1586 Harrisianis
894 1525 956 1585 illis
981 1545 1053 1585 con-

20 1620 22 1625 ·
87 1609 200 1671 iectura
220 1619 342 1673 tantum
362 1611 506 1684 restituit,
529 1631 613 1671 nunc
634 1612 667 1670 in
690 1612 757 1691 ipso
781 1630 901 1692 papyro
922 1611 1053 1689 1111111-

87 1704 203 1773 parent.
247 1694 333 1756 Ordo
356 1714 480 1776 qnoque
502 1714 594 1775 quem
615 1696 669 1756 ille
685 1696 844 1756 constituit
865 1695 1052 1774 fragmento-

20 1814 22 1819 *
87 1798 150 1839 rum
170 1800 232 1840 uno
254 1788 339 1842 certe
353 1781 421 1841 loco
440 1780 656 1860 comprobatus
679 1791 738 1858 est3
762 1799 824 1859 quo
845 1781 944 1859 magis
967 1781 1053 1839 etin

89 1865 193 1925 ceteris
208 1885 277 1926 eum
291 1865 490 1926 retinendum
506 1866 589 1940 duxi,
612 1886 677 1925 non
692 1886 754 1945 quo
770 1874 887 1925 certum
900 1872 1051 1945 putarem,

88 1948 139 2009 sed
159 1951 242 2029 quod
257 1951 352 2010 alium
365 1950 603 2031 probabiliorem
617 1951 738 2012 nullum
751 1949 960 2011 inveniebam.
998 1949 1052 2009 Se·

89 2034 143 2094 mel
164 2043 284 2096 tantum
305 2043 340 2095 ut
362 2035 401 2095 ab
424 2056 460 2096 eo
484 2032 675 2097 discederem
696 2056 730 2095 re
753 2036 823 2119 ipsa
837 2044 959 2095 coactus
974 2054 1052 2094 sum.

90 2115 147 2178 Sed
168 2120 229 2180 iam
249 2121 332 2180 notis
354 2140 430 2199 quas
458 2120 523 2180 (lixi
552 2122 664 2180 criticis
694 2120 836 2181 omnibus
864 2119 1053 2179 coniunctim

87 2205 246 2284 propositis
269 2205 492 2284 explicatisque
513 2205 679 2285 praefandi
699 2204 793 2264 finem
814 2204 936 2262 faciam.

158 2365 244 2422 Uncis
256 2370 400 2437 quadratis
419 2367 520 2437 ([-])
539 2387 573 2423 ea
585 2371 698 2435 inclusi,
718 2386 789 2437 quoe
802 2385 876 2423 nunc
887 2385 944 2422 non
956 2370 1053 2436 legan-

88 2438 151 2569 33)
152 2437 225 2557 aqqqe
233 2440 376 2491 exstitisse
399 2439 465 2490 olim
487 2441 518 2490 in
541 2439 638 2491 codice
660 2441 706 2492 vel
731 2445 838 2491 certum
861 2439 899 2490 sit
920 2438 965 2490 vel
983 2438 1054 2489 satis

158 2590 245 2642 Uncis
262 2591 388 2643 rotundis
407 2588 502 2657 ((—))
523 2591 734 2658 circumscripta
752 2595 817 2643 sunt
834 2606 904 2655 quae
923 2590 1054 2642 librarios

90 2669 172 2709 errore
187 2660 316 2712 omisisse
333 2659 487 2726 putandum
505 2659 550 2711 sit.

152 2743 237 2797 Uncis
256 2744 404 2810 quadratis
421 2745 569 2810 geminatis
587 2741 691 2812 (Η)
711 2745 809 2796 notavi
827 2759 898 2810 quae
912 2759 1004 2796 errore
1022 2745 1052 2794 in

91 2808 205 2862 codicem
216 2812 377 2877 pervenisse
388 2813 611 2880 removendaque
631 2828 692 2864 esse
704 2812 861 2864 videantur.
892 2812 941 2863 Eis
959 2817 1053 2863 tamen

90 2890 162 2959 quae·
173 2878 208 2929 ad
225 2879 312 2932 solam
331 2880 556 2947 orthographiam
573 2881 715 2946 pertinent
733 2881 786 2931 hoc
804 2882 913 2946 signum
930 2895 985 2931 non
1003 2896 1052 2946 ap·

89 2957 318 3067 ΡΟΕῙΙΙ1111111111
336 3013 372 3082 (*)
391 3016 432 3068 eis
450 3016 595 3068 vocabulis
612 3017 798 3082 praepositus,
815 3017 956 3081 inquibus
974 3016 1052 3066 alind

23 3154 25 3179 Ι
89 3080 375 3214 qppgqupqqrmendnm
392 3084 533 3151 neglectis
550 3088 645 3136 tamen
662 3081 892 3150 orthographicis,
908 3085 939 3136 in
957 3084 1052 3137 codice

159 3187 277 3271 Littelis
292 3219 444 3271 minoribns
462 3233 528 3270 usus
547 3234 617 3283 sum,
642 3225 674 3272 ut
692 3236 726 3270 ea
744 3235 815 3285 quas
833 3235 923 3284 neque
940 3234 1052 3285 prorsus

91 3292 257 3338 evanuerunt
273 3301 364 3353 neque
382 3286 530 3352 perspicue
549 3291 662 3338 exstant
680 3286 863 3353 designarem.

158 3353 272 3407 Punctis
292 3355 324 3405 in
343 3355 454 3406 lacunis
476 3371 605 3406 numerus
627 3354 785 3406 litterarum
808 3370 878 3420 quae
901 3351 1051 3402 intercide—

90 3422 321 3541 pltprtapniicatur,
342 3437 425 3489 quem
445 3427 538 3474 tamen
562 3427 691 3475 exactum
709 3439 765 3505 non
783 3436 843 3475 esse
862 3424 923 3487 ipsa
940 3434 985 3469 res
1004 3419 1051 3467 de-
