2467 3942
446 198 634 258 BIBAION
657 200 693 255 Δ.

117 373 281 463 δόγματος
293 374 327 456 ἐξ
340 376 444 458 λεροῑο
461 375 553 458 σαφῆ
566 366 649 458 πρὸς
662 374 800 457 ἔλεγχον
817 375 931 457 ίούσα,

115 481 133 520 ε
247 480 265 521 ε
381 479 398 519 ε
522 478 540 518 ε
659 475 677 514 ι
791 475 808 517 ε

66 598 71 603 ’
115 582 149 662 έξ
162 569 204 648 ού
217 578 280 667 μὲν
292 580 349 648 καὶ
362 581 396 659 ές
410 571 483 647 οἷον
496 575 668 666 ἀμείβεται
683 572 772 656 εἶδος
788 579 938 647 ἕκαστον.

63 800 84 855 Β
151 789 276 873 Πρύτα
301 782 364 872 μὲν
385 773 448 852 οὖν
472 780 573 852 Τιτὰν
599 780 722 862 παντὸς
741 779 900 870 Κρόνος
924 787 1066 875 αίθὲρος

670 882 781 973 ἄσιν,
993 903 995 907 ’

71 1006 103 1058 15
117 986 231 1078 ἀστήρ,
245 984 287 1058 ὃν
298 993 468 1057 Φαίνοντα
483 988 558 1056 θεολ
573 989 714 1075 μέροπές
727 1013 764 1056 τε
777 991 956 1057 καλοῦσιν·

116 1083 481 1179 οὗτος,έπὴνοίειεῖα
495 1087 855 1181 φοινῄειατάόιόμαθ’
880 1094 1034 1164 ἑαυτοῦ
1107 1125 1109 1132 ·

118 1195 325 1285 γεινομένοις
338 1204 519 1282 θνητοῖσιν
529 1196 712 1263 ἐπίσκοπον
723 1199 773 1274 είς
786 1200 864 1281 βίον
878 1191 906 1262 όό
914 1222 1007 1285 ρηυ,

116 1296 315 1377 εὐκτεάνους
330 1302 483 1367 δείκνυσι
498 1297 554 1365 καὶ
568 1293 672 1384 όλβον
686 1304 838 1377 πλείονος
851 1294 983 1386 ἀρχειν,

5 1415 8 1422 “
116 1400 273 1489 εύτυχέας
286 1406 352 1489 ζωῇ
364 1426 400 1470 τε
413 1402 471 1469 καὶ
489 1404 537 1479 είς
548 1401 642 1479 τέλος
654 1399 728 1468 αίλυ
741 1397 925 1488 ἀμόχθους·

69 1520 104 1572 20
117 1513 186 1576 έστι
201 1500 232 1573 δ’
249 1508 286 1573 έν
298 1510 451 1574 οἰκείοισι
464 1505 649 1590 τεταγμένα
661 1508 767 1572 ταύτα
779 1503 927 1590 Κρόνοιο
984 1581 986 1584 ,

115 1605 234 1693 ζωίὸί,
249 1602 339 1676 οἷστε
358 1609 477 1696 φανεὶς
488 1606 600 1693 τεύχει
613 1605 867 1694 πολυχρήμουας
880 1604 1022 1697 ἀνδρας·

110 1710 293 1801 Ὑδροχόος,
311 1716 429 1798 ταμίης
445 1708 656 1798 νεφελύδεος
671 1706 885 1797 Οὐλύμποιο,
916 1771 920 1778 .

114 1813 325 1901 Αίγόαεροις,
339 1820 435 1900 γαίης
448 1840 485 1882 τε
502 1815 558 1882 ναὶ
571 1808 694 1892 ύὸατος
707 1808 866 1901 ἀμφίβιρς
878 1812 965 1902 θήρ,

22 2004 25 2009 ⁸
115 1915 220 2006 Κριὸς
232 1911 251 1986 ό
265 1912 295 2000 τ’
312 1912 473 2002 οὐρανίου
487 1921 639 2005 κορυφῆς
652 1912 744 2002 ὅρος,
760 1926 870 2004 είοιρος
882 1912 983 2004 ἀρχή,

67 2035 101 2087 25
115 2022 171 2090 καλ
184 2015 293 2106 Ζυγὸς
306 2017 454 2107 αίγλήεις
466 2017 548 2109 πρὸς
560 2024 734 2107 Σκορπίον
748 2024 1009 2107 αίθερονωμύυ,
1030 2070 1033 2077 ·

115 2121 321 2211 τετραπόόης
333 2149 370 2191 τε
382 2126 490 2209 Λέων,
505 2120 730 2206 πολυάστερος
744 2128 891 2209 ἔμπυρος
904 2122 1009 2203 οἶκος·
1080 2161 1083 2178 ·

114 2217 207 2299 οὗτοι
221 2222 274 2294 ἀεὶ
286 2225 442 2313 τεύχουσα
455 2222 595 2315 βροτούς
610 2221 812 2313 εὐδαίμονας
828 2231 948 2314 ἔργοις.

68 2357 73 2372 ·
107 2326 159 2420 ,ἢν
173 2330 214 2398 δέ
224 2325 252 2397 τ’
269 2325 443 2399 ἀνοιαεί
447 2350 534 2399 οισι
547 2326 661 2407 τόποις
673 2330 934 2416 κλυτοτέρμονος
947 2326 1034 2420 ὥρης

121 2434 302 2520 φυομένοις
315 2443 453 2519 θνητοῖς
467 2433 595 2521 μέσον
612 2428 684 2518 υύρ
693 2459 713 2499 α
722 2429 795 2501 νόν
808 2433 1059 2523 αίθερολάμπη,

69 2552 104 2606 30
118 2531 139 2625 ἢ
154 2543 271 2624 κείνην
285 2531 338 2623 όόρ
347 2564 396 2624 ην
410 2542 663 2628 πανεπίσκοπον
675 2530 906 2622 ἀμφιπολεύη,

115 2641 329 2727 παμβλαβέοις
342 2640 428 2728 ῥέζει
441 2665 478 2707 τε
497 2640 553 2708 καὶ
567 2633 749 2716 ἀκτεάνους
761 2638 818 2705 καὶ
832 2634 985 2725 ἀδόξους,

116 2745 250 2821 ένδεέας
262 2746 346 2831 ζωῆς
357 2744 414 2811 καὶ
428 2745 610 2829 έφημερίης
623 2739 788 2829 βιότητος,
886 2759 888 2762 ’

113 2846 170 2915 καὶ
184 2843 292 2933 πάσης
304 2845 410 2933 λύμης
427 2844 626 2931 ἐπιβήτορας
641 2843 946 2932 οίκτρομελάθρους
1060 2865 1066 2877 ‘

117 2949 244 3036 τεύχει,
262 2949 320 3017 καί
333 2948 443 3036 λύπης
452 2949 508 3016 παὶ
521 2944 733 3036 ἀλημοσύνης
745 2949 951 3035 μετέχοντας.

65 3066 101 3140 3η
152 3048 256 3130 Ζεύς
284 3049 315 3120 δ’
339 3052 402 3120 ,ἐπὶ
432 3052 677 3138 γεινομένοισιν
707 3045 758 3117 ὅτ’
780 3044 823 3119 ἀν
847 3053 1059 3123 κυδοσνόπον

673 3179 792 3241 ωρην

117 3251 295 3342 είσλεύσση
310 3256 474 3341 φαέθοντι
488 3251 595 3343 πυρός
606 3264 747 3343 θερμσῑο
761 3263 930 3347 σελασμῷ,

115 3351 138 3444 ἢ
150 3357 279 3444 μέσον
292 3354 451 3447 υύρανίης
464 3355 615 3447 ἀτραποῦ
629 3357 742 3451 δρόμφ
755 3353 856 3448 ἠέρα
868 3362 988 3448 τέμνη,

113 3456 175 3547 ἠδέ
189 3456 264 3529 κατ’
279 3466 423 3530 οίτείω
433 3489 454 3530 υ
468 3465 627 3549 προφανῇ
641 3462 849 3549 ὃεσπόσμασι
860 3489 928 3548 μοι
939 3491 958 3553 ρ
968 3469 1038 3554 ὠρ,

115 3564 401 3656 χρυσοστέπτορας
413 3561 539 3676 ἀμόρας
554 3558 574 3654 ἢ
589 3561 767 3655 ἀρχιερῆας
781 3562 878 3634 ἀυτεῖ
