2467 3942
392 242 599 296 rnunrnrro
618 240 774 293 onrrrcn.
830 302 834 317 .
981 256 1067 304 κιαι

112 407 255 512 ποιήσειεν
280 358 483 473 Sohoemannns
505 413 601 490 (Spp.)
632 414 706 470 Libri
728 407 873 485 ἐποίησεν
894 405 991 492 1182
1015 408 1066 472 καὶ

110 499 207 557 τοῦτον
224 487 276 557 τᾶν
296 492 419 576 τρόπον]
441 499 542 555 Loourn
562 506 723 572 corruptum
750 506 779 554 et
803 496 998 590 interpolatum
1028 499 1066 557 sic

110 586 251 643 sanandum
275 602 337 642 esse
357 571 505 641 arbitratus
519 599 594 653 sum,
616 591 648 638 ut
667 575 719 638 καὶ
735 590 797 639 ante
811 577 918 637 τοῦτον
934 569 986 637 τὸν
1000 573 1066 675 τρό-

110 686 163 725 πον
167 672 378 767 interponerem
392 676 475 741 atque
490 668 684 740 coniungerem
705 661 758 721 ιιαὶ
772 662 878 721 τοῦτον
891 682 944 720 τον
958 655 1067 738 τρόπον

109 771 163 825 παρ
167 742 262 828 ’ἐμοῦ
280 745 571 825 πυνθανόμενον-
527 744 771 822 -σιιέψασθαι,
792 748 855 807 unte
868 751 942 825 quod
958 752 1065 823 quidem

109 839 211 895 verbnm
226 837 362 911 Sauppius
387 830 474 910 ἐχρῆν
488 836 604 891 inseruit
622 834 727 892 seilicet
749 843 780 891 ut
797 835 920 891 lacunam
935 833 1064 928 expleret

108 921 235 1015 Deinceps
263 939 357 978 omnes
385 938 438 995 ego
459 920 654 993 responsiones
687 918 748 976 illas
774 907 861 986 τόσας
887 913 937 974 καὶ
968 907 1073 1006 τόσαςδ

109 1023 177 1061 τιατα
200 995 306 1076 τόσον,
339 1002 443 1074 ταυτί,
468 999 501 1059 οἱ
521 1021 572 1057 ιιαι
600 999 694 1059 ταῦτα
720 996 957 1097 μαρτυρήσοντες
977 1003 1066 1060 seelu-

108 1091 199 1146 dendas
226 1091 334 1164 putavi,
367 1106 429 1147 oum
455 1087 624 1144 adversarius
655 1095 761 1144 tantum
786 1077 1033 1143 πυνθάνεσθαι
1025 1106 1066 1145 ιο-

107 1168 208 1237 beatur,
230 1174 305 1248 quod
330 1173 401 1229 idem
422 1172 561 1229 declarant
580 1170 629 1227 illa
644 1189 713 1244 quae
728 1181 883 1245 sequuntur
894 1165 1076 1245 σκέψασθαι,

107 1274 140 1311 τοι
128 1243 458 1331 ψηφίσματα-τους
469 1245 625 1329 λαβόντας,
640 1255 739 1328 quihus
753 1255 877 1350 singulae
892 1257 1066 1352 quaestiones

88 1352 92 1359 ·
107 1340 218 1397 breviter
236 1340 513 1415 comprehenduntur
541 1338 619 1407 Quod
635 1356 659 1394 sn
653 1338 736 1395 illae
749 1339 942 1434 responsiones
957 1356 1013 1396 non
1026 1341 1066 1415 ip·

107 1426 159 1480 sius
178 1434 242 1481 sunt
271 1425 405 1497 oratoris,
434 1425 554 1480 fortasse
578 1440 613 1479 ne
638 1412 854 1495 μαρτυρόμενοι
877 1424 985 1498 quidem
1005 1442 1066 1482 eum

107 1507 207 1564 lleislaio
221 1517 249 1565 et
265 1509 410 1582 Sauppio
402 1525 430 1564 ιο
448 1496 682 1581 μαρτυρήσοντες
697 1514 802 1563 mutare
818 1525 887 1581 opus
903 1508 963 1579 erit.
978 1500 1036 1585 lli
1008 1520 1064 1563 εσ

106 1588 305 1687 ενηνεμμένας.
327 1590 491 1686 Sylhurgius
513 1590 609 1665 (Spp.)
629 1591 702 1648 Libri
717 1585 955 1666 εἰσενηνεγμένης
970 1587 1066 1671 1130.

106 1692 136 1731 εν
150 1693 207 1732 τε..
217 1674 255 1753 ..]
272 1677 379 1733 Laouna
400 1684 442 1731 est
452 1677 481 1730 in
498 1687 589 1732 vetere
604 1675 743 1731 Schaeleri
758 1685 786 1732 et
799 1675 979 1740 Bodleiano,
971 1697 999 1735 in
1014 1678 1067 1732 hoe

106 1760 221 1832 quidem,
236 1767 271 1816 ut
284 1759 410 1817 Reislrius
422 1767 521 1821 narrat,
540 1761 612 1815 inter
627 1774 660 1814 εν
674 1769 702 1815 et
716 1776 763 1829 τε,
782 1760 892 1833 quod'
870 1778 892 1816 si
907 1778 1000 1818 verum
1016 1769 1066 1824 est,

106 1844 186 1915 probo
205 1844 330 1901 eiusdem
341 1843 571 1939 eomplementum
588 1859 622 1899 eo
609 1823 744 1916 εἶμ’
710 1860 774 1899 τοτε
792 1862 833 1922 τρι
823 1839 887 1912 2.,
904 1845 941 1901 ita
956 1857 988 1903 ut
1002 1833 1068 1900 τότε

106 1928 260 2026 oppositum
274 1929 310 1983 sit
322 1924 349 1983 ei
365 1928 439 2000 quod
459 1927 586 2000 sequitur
605 1924 670 1982 νῦν.
695 1926 831 2020 Sauppius
852 1930 968 1987 oonieoit
989 1947 1023 1985 ευ
1038 1945 1069 1985 ιο

53 2032 55 2037 >
106 2005 151 2065 καὶ
164 2010 263 2079 καλῶς
280 2001 354 2084 εἶχε,
373 2029 415 2106 tp
403 2008 458 2065 λ
474 2008 678 2068 Sohoemaunus
700 2000 733 2067 ευ
748 2029 779 2067 τε
794 2004 845 2067 καὶ
863 2007 947 2068 δικαί
934 2011 983 2082 teg
998 2002 1067 2086 εἶχε,

107 2091 184 2171 epil
200 2076 420 2175 ῃψεῦδος]
366 2089 420 2170 ην]
437 2094 527 2150 Malim
542 2071 686 2166 ψευδὲς
667 2112 705 2168 ην
719 2087 732 2174 ΙΙ
748 2093 797 2152 Fr
815 2092 865 2153 25.
885 2095 923 2153 Ex
936 2097 1075 2155 ambobus

106 2177 195 2237 Suidue
209 2180 281 2237 locis
296 2180 375 2235 inter
399 2196 428 2234 se
450 2181 614 2251 comparatis
631 2181 783 2236 emendavit
795 2180 930 2255 Sauppius
945 2181 1009 2238 roll
1026 2199 1066 2238 or.

51 2326 53 2329 .
105 2263 193 2333 8831
210 2274 239 2321 et
263 2278 303 2320 or.
317 2263 382 2335 108
400 2268 442 2321 ln
466 2261 556 2319 Malim
578 2273 666 2320 tannen
687 2263 719 2321 ad
741 2259 844 2331 παῖδες
860 2265 1007 2324 articulum
1022 2265 1068 2322 ad·

105 2345 191 2404 (litum.
205 2341 246 2438 {1
235 2344 286 2404 Fr.
307 2342 357 2403 28
374 2325 484 2401 Καὶ
448 2362 535 2414 ουτος
553 2356 633 2404 vetus
656 2346 793 2404 Sohaeleri
809 2347 905 2422 (Spp.)
926 2348 994 2407 ueta.
1003 2345 1068 2412 nat

84 2444 184 2497 Ιουτορ
205 2419 269 2506 peip
290 2424 304 2508 ΙΙ
326 2420 590 2506 παρεχομὲναν’
553 2428 653 2486 αυιῶν
678 2425 829 2506 μάρτυρας
858 2451 900 2488 ων
930 2452 945 2490 e
967 2435 1068 2492 Schoe-

105 2528 186 2571 manni
180 2515 388 2572 emendatione
403 2514 464 2571 dedi
480 2532 542 2571 oum
555 2515 677 2589 Sauppio
688 2534 740 2590 pro
755 2505 955 2589 παρεχόμενος
969 2507 1067 2574 αυτῶν

105 2585 247 2692 μάρτυρας
261 2579 407 2653 δουναι
383 2615 426 2653 ιον
440 2590 453 2677 Ι]
469 2610 561 2695 φασιν
566 2637 576 2670 ,
588 2593 711 2668 ἐκείνοις
725 2618 778 2674 ego
790 2601 888 2694 scripsi
897 2619 949 2675 pro
964 2615 1066 2674 φασιν,
1089 2634 1092 2639 «

108 2669 288 2750 &weelnere
313 2669 490 2738 Particula
471 2701 511 2750 ως
530 2699 563 2740 ex
579 2701 611 2741 ea
633 2701 702 2758 quae
721 2686 846 2758 sequitur
864 2672 902 2753 ὡς
917 2696 981 2744 nata
995 2688 1067 2745 vide·

106 2770 154 2818 tur.
176 2766 314 2839 Sauppius
330 2782 391 2821 cum
407 2765 595 2823 Schoemanno
611 2785 670 2825 earn
685 2769 797 2825 mutavit
815 2756 875 2825 ino
875 2787 943 2866 μμς.
960 2763 1022 2850 [1⁸
989 2788 1017 2826 οι
1033 2789 1067 2847 με

105 2845 234 2905 Bellienus
262 2847 359 2923 (Spp.)
381 2848 446 2905 Erat
472 2844 549 2906 ἔοικε
570 2844 584 2929 ss
602 2841 767 2922 ἀπέδοσαν,
800 2789 1066 2957 eienFuEuntlpod’

105 2945 190 2999 ουτως
205 2932 342 3025 Sauppius
366 2939 394 2989 et
410 2932 561 3007 Emperius.
589 2937 683 2992 Possis
706 2938 786 2993 etiam
809 2921 991 2993 αἰπέδοσαν“
972 2959 993 2995 α
1010 2935 1065 2995 εἰσ-

105 3005 323 3084 πράξασθαι
293 3034 385 3083 ουτως
390 3010 520 3110 ἔχοντες
534 3012 548 3096 ΙΙ
567 3015 617 3075 Fr.
636 3015 685 3075 29.
705 3020 813 3076 Initium
828 3031 990 3095 corruptum
1005 3041 1066 3082 esse

105 3106 181 3185 patet
201 3092 215 3179 ΙΙ
236 3097 285 3156 Fr.
309 3095 359 3157 32.
381 3084 555 3158 ἀδικεῖσθαι
583 3102 722 3176 Sauppius
751 3111 778 3160 et
802 3102 959 3162 lleiuelrius.
991 3107 1065 3164 Libri

107 3168 214 3237 ἀδικεῖν
230 3177 245 3262 {l
258 3181 308 3240 Fr.
328 3181 378 3241 33.
394 3186 518 3243 Correxit
535 3185 701 3262 Sauppius
693 3204 721 3243 m
736 3188 897 3261 fragmentis
912 3191 1066 3266 Antiphon·

68 3324 70 3329 a
106 3265 177 3339 usp
194 3274 254 3328 145

183 3417 339 3476 Scribebam
351 3420 476 3478 Drestlae.
734 3419 860 3485 verolus
882 3421 1021 3485 senune
1075 3430 1078 3435 ‘

157 3612 264 3667 Inuus.
840 3625 860 3681 d
