2467 3942
178 223 199 287 4
554 226 809 285 Λυτοννεον
936 229 962 254 ·
1084 231 1183 304 χιιι.

179 424 247 482 των
274 394 422 481 τούτων,
451 389 697 483 ἀπαραιτήτους
718 394 876 475 δικαστάς
897 395 955 463 καὶ
974 400 1040 463 νῦν
1059 395 1116 463 καί
1136 400 1187 474 εἰς

102 509 107 514 ’
177 497 239 567 τὸν
259 497 378 567 λοιπόν
399 495 522 585 χρόνον
541 497 701 583 γενέσθαι
727 512 797 578 τοῖς
822 496 1021 567 τὰτοιαῦτα
1046 498 1103 566 καί
1123 523 1187 584 τη-

100 641 103 646 »
179 607 321 669 λικαῆτα
341 605 611 687 παρανομοῦσιν·
639 605 671 668 εἰ
691 598 730 668 δέ
749 599 831 687 μῆτε
850 597 911 668 τδν
932 598 1102 688 προδόντα
1121 597 1189 686 τῆν

58 791 64 800 ἢ
180 708 325 792 πατρίδα
339 700 420 788 μῆτε
442 698 502 769 τόν
517 701 780 788 ἐγκαταλιπόντα
793 700 856 790 τῆν
871 702 971 771 πόλιν
984 698 1094 770 καὶτὰ
1109 699 1189 786 ἱερά

180 812 226 884 είς
246 805 381 872 τουτονί
398 799 459 872 τὸν
479 797 594 889 άγῶνα
615 808 814 892 καθίστημι,
842 810 996 892 σωθῆναι
1016 799 1123 872 αύτόν
1146 811 1189 872 ἐκ

179 914 239 976 τοῦ
253 905 418 974 κινδύνου
438 906 495 973 καί
508 899 576 973 ὑπὸ
592 912 661 973 τῶν
674 912 767 975 θεῶν
780 907 838 975 καί
851 902 914 995 ὑφ’
937 901 1035 994 ὑμῶν
1048 911 1116 974 τῶν
1130 910 1189 974 δι-

151 1087 169 1142 3
180 1015 322 1077 καστῶν.

15 1088 17 1092 ¹
97 1170 144 1213 ω,
155 1158 176 1200 η,
253 1107 460 1200 Ἐβουλόμην
473 1105 506 1177 δ’
524 1106 584 1196 άν,
599 1099 627 1177 ῶ
640 1106 778 1199 άνδρες,
798 1107 911 1200 ῶσπερ
927 1106 1101 1200 ῶφέλιμόν
1115 1112 1189 1179 ἐστι

181 1219 220 1304 τῆ
239 1211 334 1283 πόλει
349 1211 435 1282 είναι
455 1209 535 1291 τούς
554 1217 731 1300 κρίνοντας
753 1215 790 1281 ἐν
808 1213 914 1302 ταύτη
933 1210 1013 1293 τούς
1031 1238 1188 1301 παρανο-

179 1322 344 1404 μοῦντας,
366 1310 455 1384 οὕτω
468 1314 526 1382 καὶ
539 1313 786 1403 φιλάνθρωπον
799 1311 884 1384 αύτὸ
896 1312 987 1406 παρὰ
1006 1329 1076 1395 τοῖς
1100 1322 1188 1384 πολ-

180 1427 251 1497 λοίς
265 1414 489 1506 ὑπειλῆφθαι·
518 1422 585 1484 νύν
604 1416 642 1485 δέ
655 1418 871 1505 περιέστηκεν
885 1422 932 1498 είς
952 1423 1070 1505 τοῦτο,
1098 1412 1187 1485 ὥστε

180 1518 240 1590 τὸν
261 1525 332 1611 ίδίηι
351 1516 595 1592 καιδυνεύοντα
615 1519 672 1588 καί
690 1516 776 1609 ὑπὲρ
797 1526 866 1589 τῶν
885 1525 1012 1590 κοινῶν
1031 1515 1187 1607 ἀπεχθα-

179 1622 325 1710 νόμενον
338 1618 380 1691 ού
395 1621 575 1709 φιλόπολιν
589 1617 672 1690 ἄλλά
686 1621 943 1711 φιλοπράγμονα
956 1626 1071 1692 δοκεῖν
1085 1620 1186 1708 εἶναι,

180 1722 222 1794 ού
237 1729 375 1805 δικαίως
395 1721 477 1794 ούδδ
490 1723 732 1812 συμφερόντως
752 1730 793 1813 τῆ
812 1724 918 1793 πόλει.
945 1730 1022 1813 τρία
1034 1723 1100 1814 γάρ
1115 1727 1187 1793 ἐστι

93 1831 96 1836 “
180 1823 220 1895 τά
234 1828 388 1915 μέγιστα,
410 1821 431 1896 δ
451 1822 668 1913 διαφυλάττει
688 1826 745 1895 καὶ
763 1826 916 1911 διασῶζει
935 1824 998 1914 τῆν
1011 1830 1187 1915 δημοκρα-

152 1936 256 2003 4τίαν
277 1932 334 1998 καί
359 1927 421 2017 τῆν
441 1936 498 2017 τῆς
518 1928 646 2009 πόλεως
667 1924 904 2016 εὐδαιμονίαν,
925 1934 1060 2018 πρῶτον
1080 1924 1186 2017 μένῆ

179 2039 248 2101 τῶν
261 2031 376 2120 νόμων
385 2032 490 2118 τάξις,
513 2029 674 2120 δεύτερον
695 2026 727 2099 δ’
750 2027 770 2118 ῆ
791 2037 859 2100 τῶν
877 2035 1045 2100 δικαστῶν
1058 2036 1185 2118 ψῆφος,

179 2140 293 2222 τρίτον
319 2131 352 2203 δ’
383 2131 404 2221 ῆ
433 2132 563 2213 τούτοις
583 2129 790 2221 τάδικῆματα
805 2138 1041 2222 παραδιδοῦσα
1061 2139 1185 2221 κρίσις.

179 2233 273 2324 ὁμὲν
293 2233 357 2325 γάρ
376 2235 479 2323 νόμος
498 2236 630 2323 πέφυκε
648 2236 827 2325 προλέγειν
840 2230 861 2302 δ
874 2231 919 2323 μῆ
940 2239 996 2304 δεῖ
1011 2234 1185 2324 πράττειν,

179 2335 197 2407 ό
220 2338 265 2407 δέ
277 2336 462 2427 κατῆγορος
480 2337 625 2426 μηνύειν
643 2334 722 2418 τούς
741 2336 879 2424 ἐνόχους
898 2351 968 2417 τοῖς
988 2339 1025 2406 ἐκ
1039 2342 1109 2405 τῶν
1122 2336 1187 2405 νό-

168 2467 252 2528 ,μων
278 2443 453 2528 ἐπιτιμίοις
479 2445 709 2525 καθεστῶτας,
737 2436 755 2509 ὁ
784 2439 822 2509 δέ
846 2436 1004 2527 δικαστὴς
1029 2436 1187 2521 κολάζειν

178 2541 258 2634 τούς
273 2538 331 2611 ὑπ’
349 2538 549 2631 άμφοτίρων
561 2542 692 2612 τούτων
705 2537 967 2628 ἀποδειχθέντας
980 2536 1089 2632 αύτῷ,
1104 2536 1183 2609 ὥστ’

178 2640 259 2713 οὔθ’
282 2640 300 2713 ὃ
321 2644 422 2732 νόμος
442 2640 524 2713 οὔθ’
546 2640 568 2732 ῆ
594 2651 663 2714 τῶν
691 2649 858 2713 δικαστῶν
870 2638 996 2731 ’ψῆφος
1015 2638 1100 2711 άνευ
1121 2650 1186 2711 τοῦ

149 2744 436 2836 σπαραδῶσοντος
459 2741 574 2827 αύτοτς
594 2744 672 2825 τοὺς
700 2742 901 2825 άδικούντας
925 2744 1047 2833 »ἰσχύει
1097 2740 1185 2833 TW&

180 2849 234 2935 δέ,
250 2838 479 2936 ῶἈθηναίοι,
501 2846 599 2929 είδῶς
617 2848 821 2936 Λεωκράτην
842 2847 995 2935 φυγόντα
1019 2845 1082 2934 μὲν
1101 2844 1185 2927 τούς

177 2945 263 3039 ὑπὲρ
285 2957 342 3037 τῆς
362 2955 522 3040 πατρίδος
541 2950 740 3037 κινδύνους,
762 2949 1025 3038 ἐγκαταλιπόντα
1045 2947 1084 3018 δέ
1101 2946 1184 3028 τούς

177 3048 284 3120 αὑτοῦ
298 3059 451 3138 πολίτας,
479 3052 716 3141 προδεδωκότα
736 3051 775 3122 δέ
798 3057 909 3121 πᾶσαν
927 3049 989 3139 τῆν
1014 3047 1183 3139 ὑμετέραν

177 3154 357 3242 δύναμιν,
375 3150 479 3223 άπασι
511 3153 550 3224 δὲ
575 3168 644 3235 τοίς
670 3156 911 3242 γεγραμμένοις
942 3159 1061 3241 ἔνοχον
1087 3149 1181 3238 ὄντα,

176 3255 303 3344 ταύτην
324 3245 387 3345 τῆν
408 3263 619 3345 εἰσαγγελίαν
639 3255 860 3343 ἐποιησάμην,
882 3251 963 3325 ούτε
983 3252 1030 3325 δι’
1052 3262 1182 3344 ἔχθραν

177 3354 340 3445 ούδεμίαν
366 3353 445 3427 ούτε
469 3356 527 3428 διὰ
546 3364 759 3447 φιλονεικίαν
778 3354 854 3426 οὐδ’
877 3354 1038 3445 ῆντινούν
1058 3364 1182 3427 τοῦτον

176 3455 237 3525 τὸν
257 3455 372 3547 άγῶνα
392 3458 631 3548 προελόμενος,
659 3456 734 3529 ἀλλ’
759 3457 899 3549 αίσχρδυ
927 3459 1013 3530 εἶναι
1039 3465 1183 3547 νομίσας

177 3565 297 3626 τούτου
314 3566 477 3653 περιορᾷν
497 3567 544 3641 είς
563 3560 625 3651 τῆν
649 3558 777 3651 άγοράν
803 3562 1009 3650 ἐμβάλλοντα
1034 3563 1091 3629 καί
1101 3587 1183 3694 gfff

1121 3668 1156 3695 es
1175 3681 1181 3693 .
