2467 3942
208 167 249 229 12
560 165 813 232 ΛωΚοΤΡΓοΥ
1006 151 1008 156 ’
1116 195 1146 246 p.
1161 177 1221 231 ιετ.

208 337 295 429 ὑπὲρ
322 338 452 410 τούτων
474 334 634 408 ἀπάντων
654 336 786 427 γράψας
804 337 862 406 καί
888 333 991 419 άξιῶν
1017 342 1221 425 βασανίζειν

207 440 287 524 τούς
308 441 431 512 τούτου
452 442 591 520 οἰκέτας.
619 447 691 509 Κατ’
707 465 764 527 μοι
778 439 856 526 λέγε
868 438 1005 527 ταύτην.

565 581 850 645 ΠΡΟΚΛΗΣΙΣ.

166 767 203 827 29
283 745 454 836 Ἀκούετε,
475 738 656 837 ῶάνδρες,
677 752 735 835 τῆς
755 744 979 836 προκλήσεως.
997 741 1076 834 -άμα
1096 754 1218 816 τοίνυν

211 850 337 940 ταύτην
348 848 550 940 Λεωκράτης
568 846 634 919 ούκ
652 851 784 937 ἐδέχετο
804 848 862 918 καλ
882 847 1133 937 κατεμαρτύρει
1155 846 1216 918 αύ-

157 1037 160 1042 ⁴
210 960 271 1024 τού
284 950 336 1023 ότι
349 952 514 1042 προδότης
526 958 585 1041 τῆς
597 956 758 1046 πατρίδος
771 954 877 1020 ἐστίν·
904 946 924 1020 ό
944 947 1010 1038 γάρ
1029 947 1092 1020 τὸν
1114 949 1214 1021 πάντ’

209 1052 302 1148 αύτῷ
323 1055 530 1126 συνειδότων
551 1061 688 1142 ἔλεγχον
714 1051 839 1142 φυγῶύ
862 1049 1080 1142 ὡμολόγηκεν
1101 1050 1216 1142 ἀληθῆ

210 1155 297 1227 εἶναι
323 1155 364 1227 τά
392 1158 640 1248 εἰσηγγελμένα.
678 1163 729 1237 τίς
747 1154 813 1244 γὰρ
839 1151 937 1244 ύμῶν
957 1151 1021 1224 ούκ
1047 1153 1150 1225 οἶδεν
1169 1152 1215 1225 ότι

103 1256 108 1264 ’
209 1261 288 1350 περὶ
300 1267 369 1330 τῶν
382 1256 707 1350 ἀμφισβητουμένων
721 1254 810 1328 πολὺ
824 1262 919 1328 δοκεῖ
929 1244 1151 1327 δικαιότατον
1164 1259 1216 1327 καλ

210 1360 391 1451 δημοτικόν
405 1362 503 1450 εἶναι,
517 1358 601 1431 όταν
614 1363 741 1431 οίκέται
752 1355 779 1448 ἦ
788 1358 994 1448 θεράπαιναι
1007 1366 1214 1431 συνειδῶσιν

210 1460 315 1550 ἀδελ,
335 1464 476 1545 τούτους
489 1467 638 1550 ἐλέγχειν
650 1465 708 1533 καλ
720 1468 929 1552 βασανίζειν,
949 1463 1007 1532 καλ
1019 1476 1089 1543 τοις
1105 1469 1214 1553 ἔργοις

209 1572 337 1653 μᾶλλον
363 1561 385 1653 ἢ
414 1581 484 1645 τοις
513 1563 626 1652 λόγοις
652 1564 842 1653 πιστεύειν,
873 1561 982 1646 άλλως
1000 1591 1037 1635 τε
1056 1566 1118 1634 καὶ
1139 1567 1213 1652 περὶ

209 1666 414 1757 πραγμάτων
427 1673 554 1738 κοινῶν
567 1670 625 1737 καὶ
642 1667 798 1755 μεγάλων
818 1669 876 1736 καὶ
897 1665 1150 1756 συμφερόντων
1176 1675 1212 1756 τῇ

165 1784 202 1840 30
212 1770 326 1852 πόλεις
356 1767 421 1858 έγῶ
436 1776 556 1841 τοίνυν
569 1777 732 1841 τοσοῦτον
746 1765 917 1859 ἀφέστηκα
930 1775 991 1839 τού
1005 1764 1137 1851 ἀδίκως
1156 1767 1214 1856 τὴν

210 1878 421 1960 εἰσαγγελίαν
440 1869 524 1943 κατά
543 1871 766 1961 Λεωκράτους
784 1871 1007 1961 ποιήσασθαι,
1036 1867 1123 1941 ὅσον
1150 1869 1212 1960 lyd

208 1973 271 2061 μὲν
291 1974 480 2063 ἐβουλόμην
500 1989 570 2054 τοῖς
589 1979 689 2055 ίδίοις
707 1972 881 2055 κινδύνοις
905 1978 943 2044 ἐν
962 1990 1030 2055 τοῖς
1048 1974 1213 2064 Λεωκρά-

209 2102 287 2156 τους
300 2079 444 2158 οἰκέταις
462 2078 519 2146 καὶ
540 2083 764 2165 θεραπαίνας
783 2083 1019 2164 βασανισθεῖσι
1040 2074 1102 2145 τόν
1118 2083 1213 2164 ἔλεγ-

208 2204 270 2266 χον
283 2181 461 2267 γενέσθαι,
495 2174 611 2248 ούτοσλ
629 2179 668 2249 δὲ
681 2177 738 2249 διὰ
751 2176 789 2248 τὸ
803 2177 1000 2263 [τούτους*]
1017 2181 1214 2249 συνειδέναι

209 2281 317 2372 ἑαυτῷ
332 2277 394 2368 ούχ
407 2277 591 2369 ύπέμεινεν
608 2277 684 2350 ἀλλ’
701 2288 818 2370 ἔφυγε.
869 2289 996 2369 καίτοι,
1029 2270 1057 2350 ῶ
1075 2277 1214 2371 ἀνδρες,

208 2380 296 2452 πολύ
323 2389 450 2452 θάττον
478 2388 514 2452 ολ
536 2382 759 2473 Λεωκράτους
778 2385 904 2454 οἰκέται
923 2385 981 2453 καὶ
1005 2382 1215 2472 θεράπαιναι

208 2491 277 2553 τῶν
290 2487 482 2572 γενομένων
496 2481 541 2555 ἀν
554 2513 586 2554 τι
599 2482 801 2575 ἠρνήθησαν
813 2480 836 2574 ἢ
853 2484 894 2556 τά
906 2484 951 2574 μὴ
970 2482 1052 2555 ὄντα
1066 2492 1129 2555 τοῦ
1150 2482 1215 2556 αύ-

208 2593 285 2656 τῶν
291 2587 457 2657 δεσπότου
470 2588 732 2670 κατεψεύσαντο.

288 2692 400 2778 Χωρὶς
424 2696 543 2760 τοίνυν
566 2690 698 2760 τούτων
722 2690 923 2780 Λεωκράτης
953 2690 958 2781 Ι
989 2687 1215 2778 ἀναβοήσεται

209 2787 331 2860 αὐτίκα
347 2788 391 2871 ῶς
405 2792 539 2879 ίδιῶτης
553 2787 603 2862 ῶν
620 2795 678 2862 καλ
694 2789 763 2863 ύπδ
776 2801 834 2882 τῆς
846 2799 909 2863 τοῦ
922 2792 1063 2882 ῥήτορος
1076 2794 1137 2860 καὶ
1153 2813 1216 2862 συ-

210 2892 382 2979 κοφάντου
402 2894 593 2982 δεινότητος
611 2892 892 2984 ἀναρπαζόμενος.
929 2892 995 2983 έγῶ
1010 2893 1049 2963 δέ
1061 2889 1213 2982 ἡγοῦμαι

208 2994 335 3074 πάντας
351 2991 439 3084 ύμάς
457 2998 583 3066 εἰδέναι
601 2992 654 3066 ότι
671 3003 740 3067 τῶν
753 2997 816 3086 μέν
828 3002 953 3067 δεινῶν
964 2998 1022 3066 καὶ
1035 3017 1216 3085 συκοφαν-

208 3111 280 3166 τεῖν
293 3098 552 3188 ἐπιχειρούντων
566 3105 667 3188 ἔργον
681 3102 772 3170 έστλν
784 3096 852 3188 ἅμα
865 3106 966 3169 τούτο
974 3108 1215 3188 προαιρεῖσθαι

209 3201 266 3268 καὶ
285 3207 394 3287 ζητεῖν
406 3200 448 3270 τά
466 3208 572 3293 χωρία
593 3208 698 3272 ταῦτα
718 3206 756 3271 ἐν
774 3197 824 3282 οἷς
841 3201 921 3284 τούς
939 3198 1214 3292 παραλογισμοὺς

208 3300 292 3371 κατὰ
309 3309 378 3372 τῶν
402 3299 659 3391 ἀγωνιζομένων
682 3304 891 3394 ποιήσονται,
918 3311 987 3374 τῶν
1011 3302 1051 3373 δέ
1071 3307 1214 3381 δικαίως

207 3401 266 3482 τάς
283 3412 410 3490 κρίσεις
427 3408 654 3493 ἐνισταμένων
677 3408 734 3476 καὶ
758 3404 839 3487 τούς
862 3406 1001 3494 ένόχους
1024 3419 1097 3486 ταῖς
1116 3400 1215 3492 ἀραῖς

208 3500 356 3594 ἀκριβῶς
379 3502 655 3577 ἀποδεικνύντων
679 3505 840 3579 τάναντία
865 3516 1049 3600 φαίνεσθαι
1080 3506 1216 3644 τοιὲτοὴιις

1158 3614 1172 3644 ,
1211 3627 1214 3632 .

168 2671 203 2726 31

123 2741 207 2797 ειρλθ.
