2467 3942
363 181 365 184 ’
466 178 649 240 ΒΙΒΛΙΟΝ
668 182 705 238 Δ.
769 246 773 252 ,
885 238 888 244 ,
1037 177 1076 238 75

157 295 160 302 ’
725 298 728 303 -
847 287 866 327 0

132 350 169 435 ὃς
182 351 221 422 δὲ
233 357 406 440 Λιωναίης
420 350 640 439 Κύπριδος
653 347 739 419 θοὸν
752 346 875 440 ἀστέρα
887 348 1012 441 βάλλη,

130 465 250 546 τηνίκα
265 454 305 544 δη
320 452 489 544 μαγλάδας
501 451 612 542 τεύχει
625 467 768 523 παντοία
780 460 948 542 μιγείσας,

130 562 187 629 καὶ
201 557 328 647 πόρνας
337 609 346 644 ,
356 556 517 646 τριβάδας
526 554 556 625 τ’
572 554 808 646 ἀνδρόστροφα
817 563 899 646 ἔργα
906 555 1076 637 τελούσας.

78 674 119 735 25
173 656 1064 756 τόνδ’ίσόμοιραφανῇΚνθερηιάςῈρμάωνι,
1121 674 1123 676 ’

64 783 119 839 360
132 764 291 855 ἄνδρεσσι
305 766 443 847 ξείνοισι
456 764 512 832 καί
526 760 744 832 ἀλλοδαποῖσι
759 777 920 851 μιγεῖσαι.

131 874 324 948 δεσποτίδες
337 866 491 955 μεγάλων
500 893 536 935 τε
544 873 633 953 βίων
640 864 822 955 μελάθρων
830 893 867 934 τε
876 857 1077 955 φανοῦνται.

80 983 122 1046 26
172 959 1078 1059 τόνσννετόνκατιδωνδιάτετρύδοςόβριμος’Ἇρης

131 1073 192 1147 οὐκ
206 1072 339 1163 άγαθόν
351 1075 496 1172 τελέσει,
505 1070 680 1162 βλαβερόν
694 1070 727 1141 δ’
744 1074 798 1142 ἐπὶ
811 1078 913 1142 πᾶσιν
927 1068 1045 1160 ὀρίνει,
1059 1106 1062 1113 ·

130 1173 761 1267 σκνλμούςύπνοφανεϊςζφαντάσματά
774 1172 799 1244 τ’
815 1170 868 1266 ἠδ’
884 1173 1075 1264 ἐπαγωγάς·

65 1299 117 1355 366
131 1283 189 1352 καὶ
202 1286 424 1371 διεγείρονται
437 1279 571 1350 νεκύων
583 1277 756 1368 θάμβησιν
769 1284 911 1366 ἔχοντες.

66 1497 138 1558 Η27
191 1447 374 1566 Αίθαλόεις
389 1480 422 1555 δ’
439 1480 643 1581 ἀστηρᾌρε
654 1511 706 1565 ως
719 1481 831 1554 ἀκτίσι
843 1482 1042 1571 Σελήνην

131 1594 347 1678 φεγγοβολῶν
360 1587 559 1678 ἰσόμοιρα
577 1585 649 1657 κατ’
668 1584 865 1675 Οὐλύμποιο
878 1587 1026 1655 κέλευθα

129 1691 323 1781 ἀκροτάτοις
335 1694 521 1781 κέντροισι,
537 1689 621 1780 πρός
634 1694 794 1778 ἐκθεσίην
810 1687 975 1778 ἀτίθηνον

130 1796 330 1885 θηλυτέρων
343 1796 500 1883 βρεφέων
512 1820 549 1863 τε
561 1795 618 1863 καὶ
632 1791 819 1882 ἀρσενικύν
832 1799 910 1881 βίον
922 1795 1030 1862 ἕλκει·

64 1914 119 1971 370
131 1896 173 1969 ού
186 1895 253 1986 μὴν
268 1902 315 1977 είς
327 1896 478 1968 θάνατόν
490 1926 530 1986 γε
544 1897 744 1992 πορεύσεται
758 1902 891 1975 ἔκθεσις
905 1892 985 1984 ἥδε,

130 1998 335 2092 ἀρνυμίναις
354 2000 391 2072 δὲ
410 2001 543 2089 γυναιξὶ
568 2016 707 2094 τροφοῖς
725 1996 763 2070 θ’
785 1993 997 2087 ύποβάλλετ.’

370 2186 373 2193 ,
687 2100 854 2184 ὀθνείοις·
970 2141 975 2154 ·

131 2202 195 2297 κῆν
204 2206 267 2296 μὲν
277 2206 458 2297 ἐκισκοκέη
466 2207 636 2295 γενέθλην
644 2206 826 2295 Κρόνος,
839 2210 887 2285 είς
896 2199 996 2290 ζυγόν
1005 2197 1076 2291 ἥξει

127 2316 282 2399 λατρείης
295 2308 476 2379 πονόεντα*
490 2319 525 2379 Δ
530 2338 543 2378 ι
552 2306 595 2390 ὀς
611 2306 643 2379 δ’
661 2311 948 2398 ἐπιδερκομένοιο,

127 2406 216 2504 ἦμαρ
231 2415 428 2502 ἐλευθερίης
440 2414 507 2494 ἕξει
524 2410 660 2502 ποιητὸς
674 2402 840 2497 ὀθνείων,

63 2531 116 2588 375
128 2516 290 2603 συληθεὶς
303 2516 449 2603 γονέων,
463 2511 504 2586 ού
518 2515 655 2605 γνήσιος
669 2520 707 2586 ἐν
719 2515 932 2605 μεγάροισιν,

127 2619 191 2691 σύν
206 2619 243 2689 δὲ
258 2624 424 2707 διωννμίη
437 2620 544 2688 τεκαὶ
558 2622 596 2689 ἐν
610 2625 780 2708 διποληίδι
794 2616 888 2706 φήμη

128 2723 258 2812 ζήσεται
273 2718 459 2811 ἀλλοτρίων
473 2723 620 2810 γονέων,
634 2719 695 2810 ούχ
710 2714 823 2808 ὦνπερ
837 2727 1015 2807 ἔβλαστεν,

126 2825 269 2915 χρήμασι
280 2825 340 2893 καὶ
354 2840 508 2913 στοργαίς
521 2827 577 2894 καὶ
592 2818 1012 2920 παιδοσύνησινόθνείων.

76 2937 118 3000 28
180 2926 286 3017 αύτάρ
310 2927 396 3017 ὀπήν
418 2954 456 3015 γε
478 2928 675 3019 Κρόνος
696 2928 824 3017 Μήνη
855 2924 1075 3015 ἰσόμοιρος

686 3027 862 3121 δτύρχη,
1152 3043 1156 3050 ’

63 3147 117 3203 380
130 3124 152 3219 ἢ
166 3129 339 3223 διάμετρ
348 3160 369 3201 α
382 3138 475 3226 φανῇ
489 3136 648 3226 πλαγκτῷ
664 3134 801 3224 κόσμοιο
810 3140 952 3222 πορεύῃ,
1055 3206 1057 3210 ,

129 3231 268 3322 πάμπαν
282 3238 315 3315 ἐς
329 3239 489 3326 ἐκθεσίην
507 3237 664 3325 βρεφίων
676 3239 774 3325 γε’νος
788 3233 898 3307 ἔσσυτ’
915 3236 1074 3315 ἐκείνων,

126 3327 177 3407 dv
190 3338 320 3424 γε’νεσις
333 3337 416 3427 πρὸς
427 3337 550 3430 μητρός
563 3340 730 3428 ἐλέγχεται
745 3338 886 3429 ἀνδράσι
901 3331 1033 3420 δούλη,

126 3440 166 3512 ἐκ
178 3441 317 3528 γενέτον
331 3441 371 3510 δὲ’
385 3444 539 3532 πέφυκεν
553 3438 718 3533 ἐλεύθεροι
733 3434 984 3512 δεσποσννάων.

73 3549 114 3614 29
165 3539 209 3636 ἦν
223 3543 261 3615 δὲ
270 3552 303 3615 Κ
308 3541 574 3638 ύπριςτούτοις
583 3546 900 3638 προσμαρτνρέονσα
910 3541 1058 3626 γένηται,
