2467 3942
410 176 709 236 Αποεπιιοιιπτιπ.
1001 176 1053 247 ρτ

160 349 228 414 188.
251 350 299 415 Τὰ
314 351 350 414 δὲ
369 349 443 427 περὶ
462 349 539 414 τοὺς
555 347 685 428 λιμένα(
698 348 777 427 μέρη
792 349 916 433 δεῖγμα,
936 352 1041 436 χῶμα,
1054 369 1094 414 m

84 434 237 518 ἐμπόριον,
259 436 312 499 καὶ
328 435 373 500 ὡ(
389 433 459 499 Ὑπ.
476 435 583 514 φητὶν,
607 430 782 515 ἐξαίρεσις,
801 433 887 500 ὅπου
902 436 942 501 τὰ
957 457 1042 519 φορ-

83 520 127 584 τία
146 520 320 603 ἐξαιρεῖται,
344 518 451 599 ὥςπερ
474 520 526 584 καὶ
546 519 584 585 τὸ
600 516 721 600 δεῖγμα
741 517 885 597 τοῦνομα
900 518 968 587 ἀπὸ
982 526 1041 587 τοῦ

84 604 222 684 δείγματα
243 607 311 671 τῶν
334 601 506 685 ἀγωγίμων
526 606 596 668 τοῖς
613 601 768 682 ὠνητιῶει
791 603 943 688 δίοοεθω,
965 606 1042 685 παρ’

84 688 145 754 Ὑπ.
167 690 201 756 ἐν
222 692 292 755 τοῖο
313 689 395 770 ὑπὲρ
417 692 476 753 τοῦ
498 687 657 768 ταρίχους.
691 685 774 751 Poll.
797 686 860 767 IX,
883 689 936 753 34.

159 790 228 854 189.
250 784 548 873 Καταχειροτονία.
573 788 649 854 ἔθο(
663 786 703 868 ἦν
719 789 863 868 Ἀθήνηει
877 791 958 858 κατὰ
971 797 1039 859 τῶν
1053 809 1092 851 218

84 873 237 955 ἀρχόντων
259 876 312 939 καὶ
332 876 412 940 κατὰ
433 878 499 940 τῶν
522 878 736 953 τυκοφαντῶν
751 875 916 956 προβολὰς
938 876 974 942 ἐν
994 883 1040 962 τῷ

83 961 162 1045 δήμω
182 961 334 1026 τίθεπθαι·
364 959 391 1025 εἰ
413 959 449 1024 δέ
471 978 560 1025 τινος
582 959 915 1044 καταχειροτονηθείη,
942 959 1041 1027 οὗτος

83 1044 212 1124 εἰτήγετο
240 1045 285 1111 εἰ(
312 1046 350 1112 τὸ
380 1045 592 1124 δικαττήριον.
628 1044 693 1110 ἔετι
720 1045 756 1109 δὲ
783 1045 938 1111 πολλάκις
965 1046 1040 1112 τοῦ·

82 1149 155 1210 νομα
179 1130 268 1213 παρά
294 1150 330 1195 τε
357 1130 557 1211 Δημοτθένει
585 1129 621 1193 ἐν
650 1135 697 1213 τῷ
725 1131 805 1195 κατὰ
829 1131 961 1196 Μειδίου
988 1131 1042 1196 καὶ

81 1212 142 1280 Ὑπ.
163 1215 199 1281 ἐν
221 1221 268 1299 τῷ
290 1214 344 1280 ὑπ,
368 1216 403 1279 Χ.
427 1237 459 1280 π.
481 1235 507 1278 τ.
530 1235 556 1279 τ.
579 1211 758 1299 Harpocr.;
783 1213 825 1278 cf.
850 1212 940 1279 Suid.

157 1316 226 1381 190.
255 1323 443 1397 κεστρῑνοι·
473 1314 545 1381 Ὑπ.
575 1313 612 1382 ἐν
638 1320 685 1399 τῷ
707 1315 782 1396 περὶ
803 1319 861 1381 τοῦ
883 1336 958 1400 ταρ..
989 1336 1038 1382 κε·
1052 1332 1091 1376 21⁹

81 1402 194 1479 ιτρῐνοπ
216 1401 314 1481 ἰχθύτ.
347 1398 453 1485 Harp.

156 1503 226 1568 191.
249 1500 455 1585 ναύκληρος.
483 1499 555 1565 Ὑπ.
572 1500 609 1566 ἐν
631 1507 677 1586 τῷ
692 1502 766 1583 περὶ
786 1505 847 1568 τοῦ
861 1523 929 1583 ταρ.
955 1502 1039 1568 Har·
1051 1517 1090 1560 νο

80 1607 175 1672 pocr.;
198 1587 242 1653 ef.
265 1585 331 1651 lex.
355 1585 503 1651 cantabr.
525 1611 558 1669 p.
580 1584 655 1650 673.

80 1768 109 1833 Η
156 1688 226 1752 192.
249 1686 466 1772 Παλληνεύς·
491 1685 562 1753 Ὑπ.
584 1688 621 1755 ἐν
644 1693 682 1773 τῇ
704 1687 786 1767 ὑπὲρ
810 1689 844 1756 Χ.
866 1688 1038 1774 ἀπολογίᾳ.
1051 1704 1090 1745 221

109 1793 229 1859 αιροοτ.

155 1875 226 1940 193.
264 1873 510 1959 προμετρητής·
549 1874 624 1940 Ὑπ.
661 1874 698 1941 ἐν
733 1880 780 1960 τῷ
812 1894 846 1940 π.
868 1877 937 1958 ζτοῦ
969 1890 1090 1955 ταμεν

79 1955 229 2045 Ηοιροον.

186 2144 294 2211 LXV.
331 2144 440 2211 ΠΡΟ(
462 2144 619 2211 ΧΑΡΗΤΑ
642 2143 915 2211 ΕΠΙΤΡΟΠΙΚΟΕ.
1044 2158 1083 2202 ιγ

155 2281 226 2345 194.
246 2278 336 2344 Ἐπεὶ
358 2278 396 2343 δὲ
419 2277 613 2364 ἐνεγράφην
636 2275 703 2361 ἐγώ
726 2278 784 2342 καὶ
806 2275 943 2364 ὀνόμος
956 2276 1039 2344 dms—
1052 2297 1091 2340 ενι

78 2364 157 2430 δοκε
177 2361 241 2449 τήν
263 2360 408 2448 κομιδὴν
434 2367 504 2428 τοῖν
530 2362 831 2446 καταλειφθέντων
857 2368 899 2450 τῇ
925 2366 1037 2449 μητρί,

79 2444 109 2525 ὃς
133 2449 264 2515 κελεύει
292 2450 435 2533 κυρίους
467 2442 554 2513 εἶναι
587 2452 647 2533 τῆς
676 2449 863 2534 ἐπικλήρου
894 2449 951 2515 καὶ
979 2452 1039 2533 τῆς

78 2530 187 2611 οὐσίας
208 2532 339 2618 ἁπάσης
359 2529 439 2609 τούς
452 2533 586 2617 παῖδας,
610 2529 751 2598 ἐπειδᾶν
768 2533 932 2610 §femme
945 2530 1039 2619 ἡβῶ-

78 2634 135 2683 οιν.
158 2619 264 2705 Ηανρ.
289 2641 316 2684 ε.
338 2642 371 2684 ν.
395 2618 549 2685 ἐπιδιετὲε
570 2620 691 2700 ἡβῆεαι.

154 2722 223 2788 195.
246 2722 318 2788 Ὑπ.
341 2720 378 2786 δὲ
400 2720 504 2807 ἐντῷ
526 2722 610 2801 πρὸ(
634 2721 762 2802 Χάρητα
781 2721 846 2804 ἔφη
870 2718 1038 2808 ἀποὸόρε-
1051 2739 1091 2781 να

78 2826 127 2883 νος
148 2807 220 2874 ἀντὶ
240 2811 299 2874 τοῦ
321 2805 464 2872 ὑποθείε.
497 2804 582 2872 Poll.
604 2804 701 2885 VIII,
727 2804 798 2871 142.

82 2977 271 2993 w

80 3094 120 3146 189
135 3093 301 3161 χαιροφῑλου
314 3094 344 3147 0.
360 3120 397 3134 -
414 3097 464 3149 190
481 3091 622 3160 κεττρίνοι
633 3093 666 3159 Α,
684 3091 849 3161 κενπτράναι
864 3095 920 3149 ΒΟ,
939 3101 1037 3165 postea

79 3167 229 3229 κενετρῑνοε
247 3163 302 3214 Bc.
330 3190 364 3201 -
391 3165 440 3216 191
463 3164 555 3228 pergit
572 3163 676 3229 Βρεμι
698 3162 734 3216 οὐ
754 3164 844 3229 μόνον
862 3163 902 3218 ω(
919 3164 937 3230 ἡ
957 3164 1038 3231 ευνή-

79 3228 130 3282 θεια
146 3233 247 3297 χρῆται
262 3234 307 3298 τῷ
325 3229 453 3296 ὀνόματι,
472 3229 544 3282 ἀλλὰ
562 3230 609 3282 καὶ
626 3229 683 3283 κτὲ.
703 3231 740 3297 (ν.
760 3233 812 3300 srg.
830 3232 885 3299 40),
904 3235 978 3299 quod
990 3250 1038 3285 no·

79 3310 132 3350 vum
150 3301 327 3352 enuntiatum
343 3315 405 3352 esse
423 3299 490 3350 mihi
507 3299 619 3351 videtur
635 3315 725 3365 neque
744 3300 780 3351 ad
798 3301 871 3353 hanc
884 3303 1038 3353 orationem

79 3368 216 3426 pertinere.
230 3395 265 3405 -
281 3370 331 3420 193
343 3364 543 3432 προμετρητάτ
554 3368 587 3432 Α,
603 3367 799 3434 προμετρήταε
810 3370 844 3424 N.
862 3395 896 3406 -
913 3369 963 3419 194
980 3365 1038 3419 ἐπι·

79 3436 210 3494 τρεπτικῶ
229 3436 284 3487 Bc.
302 3462 337 3473 -
353 3432 520 3501 ὲγεγράφειν
537 3437 569 3487 Β.
585 3461 621 3472 -
638 3436 740 3489 παῖδας
756 3436 898 3490 Valesius:
917 3432 1037 3486 ἀπαιδατ

80 3498 177 3565 ΑΒῦΝς
195 3501 328 3568 πρώτους
346 3503 448 3556 παῖδας
465 3518 519 3569 mg.
538 3504 571 3555 N.
590 3530 626 3542 -

122 3617 259 3663 Emnrm
868 3604 883 3654 7
