<?xml version="1.0" encoding="UTF-8"?>
<!DOCTYPE html PUBLIC "-//W3C//DTD XHTML 1.0 Transitional//EN"
    "http://www.w3.org/TR/xhtml1/DTD/xhtml1-transitional.dtd">
<html xmlns="http://www.w3.org/1999/xhtml" xml:lang="en" lang="en">
 <head>
  <title>
</title>
<meta http-equiv="Content-Type" content="text/html;charset=utf-8" />
  <meta name='ocr-system' content='tesseract 3.04.00' />
  <meta name='ocr-capabilities' content='ocr_page ocr_carea ocr_par ocr_line ocrx_word'/>
</head>
<body>
  <div class='ocr_page' id='page_1' title='image "./hyperidisoratio01blasgoog/hyperidisoratio01blasgoog_0522.png"; bbox 0 0 2467 3942; ppageno 0'>
   <div class='ocr_carea' id='block_1_1' title="bbox 165 185 1052 256">
    <p class='ocr_par' dir='ltr' id='par_1_1' title="bbox 165 185 1052 256">
     <span class='ocr_line' id='line_1_1' title="bbox 165 185 1052 256; baseline -0.006 -2"><span class='ocrx_word' id='word_1_1' title='bbox 165 195 207 256; x_wconf 81' lang='lat'><strong><em>50</em></strong></span> <span class='ocrx_word' id='word_1_2' title='bbox 300 185 587 251; x_wconf 69' lang='grc' dir='ltr'><em>ΜΛΝΕΘΩΝΟΣ</em></span> <span class='ocrx_word' id='word_1_3' title='bbox 602 185 1052 249; x_wconf 75' lang='grc' dir='ltr'><em>ΑΠΟΤΕΛΕΣΜΑΤΙΚΩΝ</em></span> 
     </span>
    </p>
   </div>
   <div class='ocr_carea' id='block_1_2' title="bbox 168 354 1229 3536">
    <p class='ocr_par' dir='ltr' id='par_1_2' title="bbox 168 354 1229 3536">
     <span class='ocr_line' id='line_1_2' title="bbox 228 354 993 455; baseline -0.004 -22"><span class='ocrx_word' id='word_1_4' title='bbox 228 361 401 455; x_wconf 75' lang='grc' dir='ltr'><strong><em>αλπατάτρι</em></strong></span> <span class='ocrx_word' id='word_1_5' title='bbox 413 363 542 453; x_wconf 79' lang='grc' dir='ltr'><strong><em>κέντρω</em></strong></span> <span class='ocrx_word' id='word_1_6' title='bbox 555 357 687 448; x_wconf 79' lang='grc' dir='ltr'><strong><em>βεβαάς</em></strong></span> <span class='ocrx_word' id='word_1_7' title='bbox 699 354 787 453; x_wconf 72' lang='grc' dir='ltr'><strong><em>ὀλοῷ</em></strong></span> <span class='ocrx_word' id='word_1_8' title='bbox 800 358 913 431; x_wconf 69' lang='grc' dir='ltr'><strong><em>οὖν”Α</em></strong></span> <span class='ocrx_word' id='word_1_9' title='bbox 922 388 993 450; x_wconf 89' lang='grc' dir='ltr'><strong><em>ρηι</em></strong></span> 
     </span>
     <span class='ocr_line' id='line_1_3' title="bbox 230 459 1033 562; baseline -0.005 -26"><span class='ocrx_word' id='word_1_10' title='bbox 230 470 268 536; x_wconf 83' lang='grc' dir='ltr'><strong><em>ἐν</em></strong></span> <span class='ocrx_word' id='word_1_11' title='bbox 281 465 414 555; x_wconf 89' lang='grc' dir='ltr'><strong><em>χοάνοις</em></strong></span> <span class='ocrx_word' id='word_1_12' title='bbox 429 460 556 562; x_wconf 85' lang='grc' dir='ltr'><strong><em>χρυσόν</em></strong></span> <span class='ocrx_word' id='word_1_13' title='bbox 569 490 605 532; x_wconf 89' lang='grc' dir='ltr'><strong><em>τε</em></strong></span> <span class='ocrx_word' id='word_1_14' title='bbox 621 463 677 531; x_wconf 79' lang='grc' dir='ltr'><strong><em>καὶ</em></strong></span> <span class='ocrx_word' id='word_1_15' title='bbox 689 459 840 552; x_wconf 89' lang='grc' dir='ltr'><strong><em>άργνρον</em></strong></span> <span class='ocrx_word' id='word_1_16' title='bbox 852 464 1033 553; x_wconf 73' lang='grc' dir='ltr'><strong><em>αἰγλήεντα</em></strong></span> 
     </span>
     <span class='ocr_line' id='line_1_4' title="bbox 186 564 940 659; baseline -0.007 -20"><span class='ocrx_word' id='word_1_17' title='bbox 186 637 189 648; x_wconf 84' lang='grc'><strong><em>,</em></strong></span> <span class='ocrx_word' id='word_1_18' title='bbox 229 569 392 659; x_wconf 85' lang='grc' dir='ltr'><strong><em>τήκοντας</em></strong></span> <span class='ocrx_word' id='word_1_19' title='bbox 407 570 493 657; x_wconf 77' lang='grc' dir='ltr'><strong><em>ῥέζοι</em></strong></span> <span class='ocrx_word' id='word_1_20' title='bbox 506 568 562 635; x_wconf 85' lang='grc' dir='ltr'><strong><em>καὶ</em></strong></span> <span class='ocrx_word' id='word_1_21' title='bbox 576 564 764 654; x_wconf 84' lang='grc' dir='ltr'><strong><em>όμοιβαλοιο</em></strong></span> <span class='ocrx_word' id='word_1_22' title='bbox 776 567 940 655; x_wconf 86' lang='grc' dir='ltr'><strong><em>χαράατας</em></strong></span> 
     </span>
     <span class='ocr_line' id='line_1_5' title="bbox 232 665 1108 762; baseline -0.006 -20"><span class='ocrx_word' id='word_1_23' title='bbox 232 673 392 762; x_wconf 87' lang='grc' dir='ltr'><strong><em>σήματος·</em></strong></span> <span class='ocrx_word' id='word_1_24' title='bbox 408 675 442 739; x_wconf 84' lang='grc' dir='ltr'><strong><em>ελ</em></strong></span> <span class='ocrx_word' id='word_1_25' title='bbox 455 671 496 740; x_wconf 77' lang='grc' dir='ltr'><strong><em>δέ</em></strong></span> <span class='ocrx_word' id='word_1_26' title='bbox 506 696 545 738; x_wconf 88' lang='grc' dir='ltr'><strong><em>κε</em></strong></span> <span class='ocrx_word' id='word_1_27' title='bbox 558 683 645 739; x_wconf 78' lang='grc' dir='ltr'><strong><em>τοῖσι</em></strong></span> <span class='ocrx_word' id='word_1_28' title='bbox 658 671 715 739; x_wconf 82' lang='grc' dir='ltr'><strong><em>καὶ</em></strong></span> <span class='ocrx_word' id='word_1_29' title='bbox 725 665 886 750; x_wconf 84' lang='grc' dir='ltr'><strong><em>Ἠέλιος</em></strong></span> <span class='ocrx_word' id='word_1_30' title='bbox 899 671 1108 756; x_wconf 78' lang='grc' dir='ltr'><strong><em>συνέπηται,</em></strong></span> 
     </span>
     <span class='ocr_line' id='line_1_6' title="bbox 168 770 1051 862; baseline -0.008 -15"><span class='ocrx_word' id='word_1_31' title='bbox 168 790 221 848; x_wconf 77' lang='grc'><strong><em>390</em></strong></span> <span class='ocrx_word' id='word_1_32' title='bbox 234 774 415 862; x_wconf 82' lang='grc' dir='ltr'><strong><em>άσσοτέρας</em></strong></span> <span class='ocrx_word' id='word_1_33' title='bbox 427 782 584 862; x_wconf 77' lang='grc' dir='ltr'><strong><em>μαλεροῖο</em></strong></span> <span class='ocrx_word' id='word_1_34' title='bbox 598 770 705 860; x_wconf 83' lang='grc' dir='ltr'><strong><em>πυρός</em></strong></span> <span class='ocrx_word' id='word_1_35' title='bbox 716 777 833 862; x_wconf 81' lang='grc' dir='ltr'><strong><em>τέχνας</em></strong></span> <span class='ocrx_word' id='word_1_36' title='bbox 849 775 1051 862; x_wconf 86' lang='grc' dir='ltr'><strong><em>μογέονσιν,</em></strong></span> 
     </span>
     <span class='ocr_line' id='line_1_7' title="bbox 234 871 1066 967; baseline -0.006 -19"><span class='ocrx_word' id='word_1_37' title='bbox 234 874 358 967; x_wconf 84' lang='grc' dir='ltr'><strong><em>χαλκὸν</em></strong></span> <span class='ocrx_word' id='word_1_38' title='bbox 371 875 624 966; x_wconf 79' lang='grc' dir='ltr'><strong><em>μαλθάσσοντες</em></strong></span> <span class='ocrx_word' id='word_1_39' title='bbox 638 872 686 946; x_wconf 75' lang='grc' dir='ltr'><strong><em>λό’</em></strong></span> <span class='ocrx_word' id='word_1_40' title='bbox 701 871 861 964; x_wconf 77' lang='grc' dir='ltr'><strong><em>ἠερόεντα</em></strong></span> <span class='ocrx_word' id='word_1_41' title='bbox 874 875 1066 964; x_wconf 81' lang='grc' dir='ltr'><strong><em>μόλνβόον,</em></strong></span> 
     </span>
     <span class='ocr_line' id='line_1_8' title="bbox 234 976 978 1070; baseline -0.004 -20"><span class='ocrx_word' id='word_1_42' title='bbox 234 980 358 1070; x_wconf 84' lang='grc' dir='ltr'><strong><em>άκμοσλ</em></strong></span> <span class='ocrx_word' id='word_1_43' title='bbox 367 976 399 1047; x_wconf 89' lang='grc' dir='ltr'><strong><em>τ’</em></strong></span> <span class='ocrx_word' id='word_1_44' title='bbox 417 981 606 1062; x_wconf 79' lang='grc' dir='ltr'><strong><em>ἐξέλκοντες</em></strong></span> <span class='ocrx_word' id='word_1_45' title='bbox 621 986 670 1048; x_wconf 81' lang='grc' dir='ltr'><strong><em>ἔτι</em></strong></span> <span class='ocrx_word' id='word_1_46' title='bbox 684 986 813 1062; x_wconf 76' lang='grc' dir='ltr'><strong><em>ζελοντα</em></strong></span> <span class='ocrx_word' id='word_1_47' title='bbox 827 985 978 1067; x_wconf 78' lang='grc' dir='ltr'><strong><em>σίδηρον.</em></strong></span> 
     </span>
     <span class='ocr_line' id='line_1_9' title="bbox 184 1079 1159 1171; baseline -0.008 -14"><span class='ocrx_word' id='word_1_48' title='bbox 184 1153 187 1158; x_wconf 22' lang='lat'><em>4</em></span> <span class='ocrx_word' id='word_1_49' title='bbox 274 1088 306 1153; x_wconf 84' lang='grc' dir='ltr'><strong><em>ελ</em></strong></span> <span class='ocrx_word' id='word_1_50' title='bbox 319 1079 350 1153; x_wconf 92' lang='lat'><strong><em>6&#39;</em></strong></span> <span class='ocrx_word' id='word_1_51' title='bbox 369 1079 434 1171; x_wconf 86' lang='grc' dir='ltr'><strong><em>άρα</em></strong></span> <span class='ocrx_word' id='word_1_52' title='bbox 447 1083 504 1151; x_wconf 83' lang='grc' dir='ltr'><strong><em>καὶ</em></strong></span> <span class='ocrx_word' id='word_1_53' title='bbox 520 1090 580 1151; x_wconf 91' lang='grc' dir='ltr'><strong><em>Φα</em></strong></span> <span class='ocrx_word' id='word_1_54' title='bbox 589 1089 605 1151; x_wconf 98' lang='grc' dir='ltr'><strong><em>λ</em></strong></span> <span class='ocrx_word' id='word_1_55' title='bbox 608 1110 630 1151; x_wconf 95' lang='grc' dir='ltr'><strong><em>ν</em></strong></span> <span class='ocrx_word' id='word_1_56' title='bbox 639 1109 694 1151; x_wconf 91' lang='grc' dir='ltr'><strong><em>ων</em></strong></span> <span class='ocrx_word' id='word_1_57' title='bbox 707 1097 816 1151; x_wconf 83' lang='grc' dir='ltr'><strong><em>τοῖσιν</em></strong></span> <span class='ocrx_word' id='word_1_58' title='bbox 830 1083 1069 1171; x_wconf 86' lang='grc' dir='ltr'><strong><em>σνμμάρτυρος</em></strong></span> <span class='ocrx_word' id='word_1_59' title='bbox 1084 1091 1159 1167; x_wconf 72' lang='grc' dir='ltr'><strong><em>εἴη,</em></strong></span> 
     </span>
     <span class='ocr_line' id='line_1_10' title="bbox 233 1180 1004 1275; baseline -0.006 -18"><span class='ocrx_word' id='word_1_60' title='bbox 233 1193 334 1257; x_wconf 78' lang='grc' dir='ltr'><strong><em>ἒνόον</em></strong></span> <span class='ocrx_word' id='word_1_61' title='bbox 347 1188 565 1275; x_wconf 80' lang='grc' dir='ltr'><strong><em>έφεζομένονς</em></strong></span> <span class='ocrx_word' id='word_1_62' title='bbox 578 1190 711 1255; x_wconf 76' lang='grc' dir='ltr'><strong><em>παίδων</em></strong></span> <span class='ocrx_word' id='word_1_63' title='bbox 725 1180 889 1273; x_wconf 73' lang='grc' dir='ltr'><strong><em>ἡγήτορας</em></strong></span> <span class='ocrx_word' id='word_1_64' title='bbox 903 1190 1004 1274; x_wconf 77' lang='grc' dir='ltr'><strong><em>ἔρδει.</em></strong></span> 
     </span>
     <span class='ocr_line' id='line_1_11' title="bbox 170 1284 1186 1379; baseline -0.007 -16"><span class='ocrx_word' id='word_1_65' title='bbox 170 1308 221 1363; x_wconf 70' lang='lat'><strong><em>395</em></strong></span> <span class='ocrx_word' id='word_1_66' title='bbox 272 1287 377 1359; x_wconf 77' lang='grc' dir='ltr'><strong><em>αὐτόν</em></strong></span> <span class='ocrx_word' id='word_1_67' title='bbox 395 1287 426 1358; x_wconf 88' lang='lat'><strong><em>6&#39;</em></strong></span> <span class='ocrx_word' id='word_1_68' title='bbox 445 1299 479 1358; x_wconf 81' lang='grc' dir='ltr'><strong><em>ελ</em></strong></span> <span class='ocrx_word' id='word_1_69' title='bbox 489 1315 528 1358; x_wconf 82' lang='grc' dir='ltr'><strong><em>κε</em></strong></span> <span class='ocrx_word' id='word_1_70' title='bbox 546 1288 680 1379; x_wconf 87' lang='grc' dir='ltr'><strong><em>Κρόνον</em></strong></span> <span class='ocrx_word' id='word_1_71' title='bbox 693 1286 800 1368; x_wconf 77' lang='grc' dir='ltr'><strong><em>Ζεάς</em></strong></span> <span class='ocrx_word' id='word_1_72' title='bbox 820 1294 964 1377; x_wconf 73' lang='grc' dir='ltr'><strong><em>ἔμπαλιν</em></strong></span> <span class='ocrx_word' id='word_1_73' title='bbox 978 1284 1186 1411; x_wconf 73' lang='grc' dir='ltr'><strong><em>άθρήσειεν,</em></strong></span> 
     </span>
     <span class='ocr_line' id='line_1_12' title="bbox 225 1385 1142 1481; baseline -0.002 -19.98"><span class='ocrx_word' id='word_1_74' title='bbox 225 1388 277 1481; x_wconf 87' lang='grc' dir='ltr'><strong><em>ήν</em></strong></span> <span class='ocrx_word' id='word_1_75' title='bbox 292 1388 383 1461; x_wconf 76' lang='grc' dir='ltr'><strong><em>καὶ”</em></strong></span> <span class='ocrx_word' id='word_1_76' title='bbox 361 1420 406 1480; x_wconf 89' lang='grc' dir='ltr'><strong><em>αμ</em></strong></span> <span class='ocrx_word' id='word_1_77' title='bbox 410 1388 545 1480; x_wconf 83' lang='grc' dir='ltr'><strong><em>’Ἑρμελ</em></strong></span> <span class='ocrx_word' id='word_1_78' title='bbox 543 1419 564 1480; x_wconf 89' lang='grc' dir='ltr'><strong><em>η</em></strong></span> <span class='ocrx_word' id='word_1_79' title='bbox 577 1419 614 1460; x_wconf 92' lang='grc' dir='ltr'><strong><em>τε</em></strong></span> <span class='ocrx_word' id='word_1_80' title='bbox 628 1393 684 1460; x_wconf 81' lang='grc' dir='ltr'><strong><em>καὶ</em></strong></span> <span class='ocrx_word' id='word_1_81' title='bbox 698 1388 812 1473; x_wconf 78' lang='grc' dir='ltr'><strong><em>ἄλλοις</em></strong></span> <span class='ocrx_word' id='word_1_82' title='bbox 825 1391 994 1480; x_wconf 81' lang='grc' dir='ltr'><strong><em>Κύπρις</em></strong></span> <span class='ocrx_word' id='word_1_83' title='bbox 1007 1385 1142 1478; x_wconf 85' lang='grc' dir='ltr'><strong><em>ὁρήται,</em></strong></span> 
     </span>
     <span class='ocr_line' id='line_1_13' title="bbox 235 1492 1015 1583; baseline -0.003 -18.952"><span class='ocrx_word' id='word_1_84' title='bbox 235 1499 270 1577; x_wconf 78' lang='grc' dir='ltr'><strong><em>ἐξ</em></strong></span> <span class='ocrx_word' id='word_1_85' title='bbox 284 1500 393 1583; x_wconf 80' lang='grc' dir='ltr'><strong><em>ἔργων</em></strong></span> <span class='ocrx_word' id='word_1_86' title='bbox 406 1502 508 1564; x_wconf 85' lang='grc' dir='ltr'><strong><em>τοίων</em></strong></span> <span class='ocrx_word' id='word_1_87' title='bbox 522 1501 670 1565; x_wconf 82' lang='grc' dir='ltr'><strong><em>πλοῦτον</em></strong></span> <span class='ocrx_word' id='word_1_88' title='bbox 683 1496 739 1564; x_wconf 81' lang='grc' dir='ltr'><strong><em>καὶ</em></strong></span> <span class='ocrx_word' id='word_1_89' title='bbox 753 1499 871 1583; x_wconf 84' lang='grc' dir='ltr'><strong><em>κτήσιν</em></strong></span> <span class='ocrx_word' id='word_1_90' title='bbox 883 1492 1015 1581; x_wconf 85' lang='grc' dir='ltr'><strong><em>άροντο.</em></strong></span> 
     </span>
     <span class='ocr_line' id='line_1_14' title="bbox 276 1567 1229 1688; baseline -0.002 -20.964"><span class='ocrx_word' id='word_1_91' title='bbox 276 1594 391 1668; x_wconf 60' lang='lat' dir='ltr'><strong><em>ew</em></strong></span> <span class='ocrx_word' id='word_1_92' title='bbox 369 1625 412 1688; x_wconf 90' lang='grc' dir='ltr'><strong><em>αρ</em></strong></span> <span class='ocrx_word' id='word_1_93' title='bbox 416 1593 885 1687; x_wconf 69' lang='grc' dir='ltr'><strong><em>’νπὲρκέντρονΜήνηΣτ</em></strong></span> <span class='ocrx_word' id='word_1_94' title='bbox 894 1594 1183 1685; x_wconf 86' lang='grc' dir='ltr'><strong><em>λλβοντισυνά-</em></strong></span> <span class='ocrx_word' id='word_1_95' title='bbox 1228 1567 1229 1670; x_wconf 64' lang='grc' dir='ltr'><strong><em>λ</em></strong></span> 
     </span>
     <span class='ocr_line' id='line_1_15' title="bbox 801 1726 896 1786; baseline 0.011 -17"><span class='ocrx_word' id='word_1_96' title='bbox 801 1726 896 1786; x_wconf 91' lang='grc' dir='ltr'><strong><em>πτοι,</em></strong></span> 
     </span>
     <span class='ocr_line' id='line_1_16' title="bbox 237 1771 1085 1892; baseline -0.002 -20"><span class='ocrx_word' id='word_1_97' title='bbox 237 1801 280 1892; x_wconf 90' lang='grc' dir='ltr'><strong><em>ήν</em></strong></span> <span class='ocrx_word' id='word_1_98' title='bbox 294 1827 358 1890; x_wconf 84' lang='grc' dir='ltr'><strong><em>περ</em></strong></span> <span class='ocrx_word' id='word_1_99' title='bbox 370 1830 416 1892; x_wconf 94' lang='grc' dir='ltr'><strong><em>αμ</em></strong></span> <span class='ocrx_word' id='word_1_100' title='bbox 420 1771 575 1892; x_wconf 86' lang='grc' dir='ltr'><strong><em>’Ἑρμελη</em></strong></span> <span class='ocrx_word' id='word_1_101' title='bbox 588 1804 646 1872; x_wconf 84' lang='grc' dir='ltr'><strong><em>καὶ</em></strong></span> <span class='ocrx_word' id='word_1_102' title='bbox 658 1809 857 1892; x_wconf 88' lang='grc' dir='ltr'><strong><em>καλλίκομος</em></strong></span> <span class='ocrx_word' id='word_1_103' title='bbox 866 1803 1033 1890; x_wconf 78' lang='grc' dir='ltr'><strong><em>Κνθέρε</em></strong></span> <span class='ocrx_word' id='word_1_104' title='bbox 1042 1830 1085 1870; x_wconf 91' lang='grc' dir='ltr'><strong><em>ια</em></strong></span> 
     </span>
     <span class='ocr_line' id='line_1_17' title="bbox 171 1900 1052 1997; baseline -0.005 -20"><span class='ocrx_word' id='word_1_105' title='bbox 171 1923 225 1977; x_wconf 80' lang='lat'><strong><em>400</em></strong></span> <span class='ocrx_word' id='word_1_106' title='bbox 238 1912 420 1995; x_wconf 80' lang='grc' dir='ltr'><strong><em>φαίνηται,</em></strong></span> <span class='ocrx_word' id='word_1_107' title='bbox 434 1908 490 1975; x_wconf 78' lang='grc' dir='ltr'><strong><em>καὶ</em></strong></span> <span class='ocrx_word' id='word_1_108' title='bbox 504 1902 669 1994; x_wconf 66' lang='grc' dir='ltr'><strong><em>Ζηνός’</em></strong></span> <span class='ocrx_word' id='word_1_109' title='bbox 650 1929 699 1976; x_wconf 88' lang='grc' dir='ltr'><strong><em>νπ</em></strong></span> <span class='ocrx_word' id='word_1_110' title='bbox 697 1900 1052 1997; x_wconf 80' lang='grc' dir='ltr'><strong><em>’άκτλνεσσινόρῷτο,</em></strong></span> 
     </span>
     <span class='ocr_line' id='line_1_18' title="bbox 235 2006 1040 2098; baseline -0.005 -18"><span class='ocrx_word' id='word_1_111' title='bbox 235 2007 362 2097; x_wconf 80' lang='grc' dir='ltr'><strong><em>ὄργανα</em></strong></span> <span class='ocrx_word' id='word_1_112' title='bbox 378 2008 619 2089; x_wconf 75' lang='grc' dir='ltr'><strong><em>δαιδάλλοντας</em></strong></span> <span class='ocrx_word' id='word_1_113' title='bbox 634 2006 678 2078; x_wconf 75' lang='grc' dir='ltr'><strong><em>λό’</em></strong></span> <span class='ocrx_word' id='word_1_114' title='bbox 696 2009 794 2078; x_wconf 86' lang='grc' dir='ltr'><strong><em>αλόλα</em></strong></span> <span class='ocrx_word' id='word_1_115' title='bbox 804 2007 1040 2098; x_wconf 79' lang='grc' dir='ltr'><strong><em>μηχανόωντας</em></strong></span> 
     </span>
     <span class='ocr_line' id='line_1_19' title="bbox 236 2109 1228 2202; baseline -0.001 -20"><span class='ocrx_word' id='word_1_116' title='bbox 236 2110 321 2182; x_wconf 85' lang='grc' dir='ltr'><strong><em>άλλα</em></strong></span> <span class='ocrx_word' id='word_1_117' title='bbox 333 2137 370 2179; x_wconf 88' lang='grc' dir='ltr'><strong><em>τε</em></strong></span> <span class='ocrx_word' id='word_1_118' title='bbox 382 2109 609 2201; x_wconf 79' lang='grc' dir='ltr'><strong><em>θανματόεντ’</em></strong></span> <span class='ocrx_word' id='word_1_119' title='bbox 625 2109 697 2202; x_wconf 82' lang='grc' dir='ltr'><strong><em>ἔργ’</em></strong></span> <span class='ocrx_word' id='word_1_120' title='bbox 713 2109 776 2182; x_wconf 79' lang='grc' dir='ltr'><strong><em>οὐκ</em></strong></span> <span class='ocrx_word' id='word_1_121' title='bbox 789 2110 938 2182; x_wconf 76' lang='grc' dir='ltr'><strong><em>ἐπιεικτὰ</em></strong></span> <span class='ocrx_word' id='word_1_122' title='bbox 952 2118 1130 2199; x_wconf 81' lang='grc' dir='ltr'><strong><em>βροτοῖσιν</em></strong></span> <span class='ocrx_word' id='word_1_123' title='bbox 1227 2193 1228 2196; x_wconf 10' lang='lat'>¹</span> 
     </span>
     <span class='ocr_line' id='line_1_20' title="bbox 240 2211 1087 2304; baseline 0 -22"><span class='ocrx_word' id='word_1_124' title='bbox 240 2213 418 2302; x_wconf 86' lang='grc' dir='ltr'><strong><em>τεόχοντας</em></strong></span> <span class='ocrx_word' id='word_1_125' title='bbox 432 2217 535 2304; x_wconf 81' lang='grc' dir='ltr'><strong><em>ῥέζει,</em></strong></span> <span class='ocrx_word' id='word_1_126' title='bbox 549 2223 608 2285; x_wconf 92' lang='grc' dir='ltr'><strong><em>καλ</em></strong></span> <span class='ocrx_word' id='word_1_127' title='bbox 620 2238 704 2304; x_wconf 85' lang='grc' dir='ltr'><strong><em>σφιν</em></strong></span> <span class='ocrx_word' id='word_1_128' title='bbox 717 2218 812 2295; x_wconf 85' lang='grc' dir='ltr'><strong><em>κλέος</em></strong></span> <span class='ocrx_word' id='word_1_129' title='bbox 825 2212 951 2285; x_wconf 77' lang='grc' dir='ltr'><strong><em>ἐσθλὸν</em></strong></span> <span class='ocrx_word' id='word_1_130' title='bbox 964 2211 1087 2301; x_wconf 76' lang='grc' dir='ltr'><strong><em>ὀπηδεῖ</em></strong></span> 
     </span>
     <span class='ocr_line' id='line_1_21' title="bbox 239 2315 1030 2407; baseline -0.004 -19"><span class='ocrx_word' id='word_1_131' title='bbox 239 2315 375 2407; x_wconf 80' lang='grc' dir='ltr'><strong><em>πρήξιος</em></strong></span> <span class='ocrx_word' id='word_1_132' title='bbox 387 2321 424 2386; x_wconf 82' lang='grc' dir='ltr'><strong><em>ἐκ</em></strong></span> <span class='ocrx_word' id='word_1_133' title='bbox 437 2324 529 2407; x_wconf 87' lang='grc' dir='ltr'><strong><em>τολης</em></strong></span> <span class='ocrx_word' id='word_1_134' title='bbox 541 2326 638 2406; x_wconf 84' lang='grc' dir='ltr'><strong><em>φιλίη</em></strong></span> <span class='ocrx_word' id='word_1_135' title='bbox 651 2315 683 2387; x_wconf 89' lang='grc' dir='ltr'><strong><em>τ’</em></strong></span> <span class='ocrx_word' id='word_1_136' title='bbox 698 2315 835 2407; x_wconf 77' lang='grc' dir='ltr'><strong><em>άγανάν</em></strong></span> <span class='ocrx_word' id='word_1_137' title='bbox 848 2315 1030 2407; x_wconf 81' lang='grc' dir='ltr'><strong><em>βασιλήων.</em></strong></span> 
     </span>
     <span class='ocr_line' id='line_1_22' title="bbox 173 2415 1187 2510; baseline -0.005 -18"><span class='ocrx_word' id='word_1_138' title='bbox 173 2438 226 2493; x_wconf 77' lang='lat'><strong><em>405</em></strong></span> <span class='ocrx_word' id='word_1_139' title='bbox 277 2427 373 2507; x_wconf 81' lang='grc' dir='ltr'><strong><em>τοίην</em></strong></span> <span class='ocrx_word' id='word_1_140' title='bbox 394 2416 426 2488; x_wconf 89' lang='lat'><strong><em>6’</em></strong></span> <span class='ocrx_word' id='word_1_141' title='bbox 449 2415 492 2509; x_wconf 87' lang='grc' dir='ltr'><strong><em>ήν</em></strong></span> <span class='ocrx_word' id='word_1_142' title='bbox 514 2418 673 2509; x_wconf 76' lang='grc' dir='ltr'><strong><em>συναφὴν</em></strong></span> <span class='ocrx_word' id='word_1_143' title='bbox 694 2421 845 2510; x_wconf 85' lang='grc' dir='ltr'><strong><em>Μήνης</em></strong></span> <span class='ocrx_word' id='word_1_144' title='bbox 870 2427 1044 2490; x_wconf 90' lang='grc' dir='ltr'><strong><em>Φαλνων</em></strong></span> <span class='ocrx_word' id='word_1_145' title='bbox 1071 2421 1187 2488; x_wconf 78' lang='grc' dir='ltr'><strong><em>τεκαὶ</em></strong></span> 
     </span>
     <span class='ocr_line' id='line_1_23' title="bbox 783 2522 904 2613; baseline -0.074 1"><span class='ocrx_word' id='word_1_146' title='bbox 783 2522 904 2613; x_wconf 69' lang='grc' dir='ltr'><strong><em>Ἅννα</em></strong></span> 
     </span>
     <span class='ocr_line' id='line_1_24' title="bbox 238 2622 1187 2718; baseline 0.002 -25"><span class='ocrx_word' id='word_1_147' title='bbox 238 2622 413 2715; x_wconf 54' lang='grc' dir='ltr'><strong><em>βέρκωντζ</em></strong></span> <span class='ocrx_word' id='word_1_148' title='bbox 435 2626 691 2718; x_wconf 74' lang='grc' dir='ltr'><strong><em>ἐσθλοόόται</em></strong></span> <span class='ocrx_word' id='word_1_149' title='bbox 718 2624 813 2696; x_wconf 77' lang='grc' dir='ltr'><strong><em>δέ’</em></strong></span> <span class='ocrx_word' id='word_1_150' title='bbox 782 2652 801 2695; x_wconf 88' lang='grc' dir='ltr'><strong><em>τ</em></strong></span> <span class='ocrx_word' id='word_1_151' title='bbox 836 2624 1042 2714; x_wconf 84' lang='grc' dir='ltr'><strong><em>άπόστροφοι</em></strong></span> <span class='ocrx_word' id='word_1_152' title='bbox 1066 2625 1187 2695; x_wconf 74' lang='grc' dir='ltr'><strong><em>ἰνδάλ-</em></strong></span> 
     </span>
     <span class='ocr_line' id='line_1_25' title="bbox 786 2738 1225 2815; baseline -0.002 -17"><span class='ocrx_word' id='word_1_153' title='bbox 786 2738 922 2815; x_wconf 89' lang='grc' dir='ltr'><strong><em>λωνται,</em></strong></span> <span class='ocrx_word' id='word_1_154' title='bbox 1224 2759 1225 2770; x_wconf 57' lang='grc'>’</span> 
     </span>
     <span class='ocr_line' id='line_1_26' title="bbox 240 2827 1100 2955; baseline 0 -57"><span class='ocrx_word' id='word_1_155' title='bbox 240 2827 432 2918; x_wconf 89' lang='grc' dir='ltr'><strong><em>ποιμένας’</em></strong></span> <span class='ocrx_word' id='word_1_156' title='bbox 414 2830 621 2920; x_wconf 86' lang='grc' dir='ltr'><strong><em>αγρονόμονς</em></strong></span> <span class='ocrx_word' id='word_1_157' title='bbox 634 2859 671 2901; x_wconf 83' lang='grc' dir='ltr'><strong><em>τε</em></strong></span> <span class='ocrx_word' id='word_1_158' title='bbox 683 2837 776 2955; x_wconf 82' lang='grc' dir='ltr'><strong><em>βοων</em></strong></span> <span class='ocrx_word' id='word_1_159' title='bbox 789 2828 909 2919; x_wconf 82' lang='grc' dir='ltr'><strong><em>άγλλας</em></strong></span> <span class='ocrx_word' id='word_1_160' title='bbox 924 2827 1100 2917; x_wconf 77' lang='grc' dir='ltr'><strong><em>ἐλάοντας,</em></strong></span> 
     </span>
     <span class='ocr_line' id='line_1_27' title="bbox 240 2930 1127 3024; baseline 0.003 -24.003"><span class='ocrx_word' id='word_1_161' title='bbox 240 2937 385 3002; x_wconf 84' lang='grc' dir='ltr'><strong><em>ἵππωντ</em></strong></span> <span class='ocrx_word' id='word_1_162' title='bbox 388 2930 603 3004; x_wconf 73' lang='grc' dir='ltr'><strong><em>’ὠκυπόδων</em></strong></span> <span class='ocrx_word' id='word_1_163' title='bbox 616 2934 843 3024; x_wconf 81' lang='grc' dir='ltr'><strong><em>σημάντορας,</em></strong></span> <span class='ocrx_word' id='word_1_164' title='bbox 860 2930 902 3023; x_wconf 72' lang='grc' dir='ltr'><strong><em>ήλ</em></strong></span> <span class='ocrx_word' id='word_1_165' title='bbox 912 2933 1127 3022; x_wconf 80' lang='grc' dir='ltr'><strong><em>σνφορβοάς,</em></strong></span> 
     </span>
     <span class='ocr_line' id='line_1_28' title="bbox 240 3031 1150 3126; baseline 0 -21"><span class='ocrx_word' id='word_1_166' title='bbox 240 3031 299 3115; x_wconf 76' lang='grc' dir='ltr'><strong><em>οὓς</em></strong></span> <span class='ocrx_word' id='word_1_167' title='bbox 313 3032 382 3103; x_wconf 86' lang='lat'><strong><em>6&#39;’&#39;</em></strong></span> <span class='ocrx_word' id='word_1_168' title='bbox 361 3064 425 3125; x_wconf 89' lang='grc' dir='ltr'><strong><em>αρα</em></strong></span> <span class='ocrx_word' id='word_1_169' title='bbox 439 3039 639 3107; x_wconf 78' lang='grc' dir='ltr'><strong><em>πενθαλέων</em></strong></span> <span class='ocrx_word' id='word_1_170' title='bbox 653 3036 790 3126; x_wconf 88' lang='grc' dir='ltr'><strong><em>τόμβων</em></strong></span> <span class='ocrx_word' id='word_1_171' title='bbox 808 3042 921 3125; x_wconf 80' lang='grc' dir='ltr'><strong><em>θήκαν</em></strong></span> <span class='ocrx_word' id='word_1_172' title='bbox 935 3036 1150 3125; x_wconf 82' lang='grc' dir='ltr'><strong><em>πνλαωροός.</em></strong></span> 
     </span>
     <span class='ocr_line' id='line_1_29' title="bbox 176 3131 1189 3234; baseline 0.002 -26"><span class='ocrx_word' id='word_1_173' title='bbox 176 3154 228 3208; x_wconf 83' lang='lat'><strong><em>410</em></strong></span> <span class='ocrx_word' id='word_1_174' title='bbox 279 3132 404 3208; x_wconf 80' lang='grc' dir='ltr'><strong><em>ὁππότε</em></strong></span> <span class='ocrx_word' id='word_1_175' title='bbox 424 3136 456 3207; x_wconf 88' lang='lat'><strong><em>6’</em></strong></span> <span class='ocrx_word' id='word_1_176' title='bbox 473 3131 517 3209; x_wconf 80' lang='grc' dir='ltr'><strong><em>αὖ</em></strong></span> <span class='ocrx_word' id='word_1_177' title='bbox 537 3132 664 3233; x_wconf 79' lang='grc' dir='ltr'><strong><em>κέντρῳ</em></strong></span> <span class='ocrx_word' id='word_1_178' title='bbox 684 3140 815 3234; x_wconf 79' lang='grc' dir='ltr'><strong><em>μεσάτω</em></strong></span> <span class='ocrx_word' id='word_1_179' title='bbox 829 3145 986 3228; x_wconf 80' lang='grc' dir='ltr'><strong><em>Θοῦρος</em></strong></span> <span class='ocrx_word' id='word_1_180' title='bbox 999 3139 1062 3227; x_wconf 69' lang='grc' dir='ltr'><strong><em>μὲν</em></strong></span> <span class='ocrx_word' id='word_1_181' title='bbox 1075 3143 1189 3230; x_wconf 77' lang='grc' dir='ltr'><strong><em>ἐπείη,</em></strong></span> 
     </span>
     <span class='ocr_line' id='line_1_30' title="bbox 241 3238 1083 3332; baseline 0.002 -23"><span class='ocrx_word' id='word_1_182' title='bbox 241 3246 325 3309; x_wconf 85' lang='grc' dir='ltr'><strong><em>Φαλ</em></strong></span> <span class='ocrx_word' id='word_1_183' title='bbox 330 3269 416 3311; x_wconf 91' lang='grc' dir='ltr'><strong><em>νων</em></strong></span> <span class='ocrx_word' id='word_1_184' title='bbox 430 3247 450 3310; x_wconf 88' lang='lat'>6</span> <span class='ocrx_word' id='word_1_185' title='bbox 455 3238 463 3264; x_wconf 93' lang='lat'>&#39;</span> <span class='ocrx_word' id='word_1_186' title='bbox 480 3246 631 3332; x_wconf 80' lang='grc' dir='ltr'><strong><em>έσπηται,</em></strong></span> <span class='ocrx_word' id='word_1_187' title='bbox 650 3248 751 3331; x_wconf 87' lang='grc' dir='ltr'><strong><em>τήμος</em></strong></span> <span class='ocrx_word' id='word_1_188' title='bbox 768 3243 856 3331; x_wconf 89' lang='grc' dir='ltr'><strong><em>μάλα</em></strong></span> <span class='ocrx_word' id='word_1_189' title='bbox 869 3248 1083 3331; x_wconf 68' lang='grc' dir='ltr'><strong><em>μοχθιζοντες</em></strong></span> 
     </span>
     <span class='ocr_line' id='line_1_31' title="bbox 237 3333 1016 3436; baseline 0.001 -25"><span class='ocrx_word' id='word_1_190' title='bbox 237 3333 358 3432; x_wconf 78' lang='grc' dir='ltr'><strong><em>’ἀνέρες</em></strong></span> <span class='ocrx_word' id='word_1_191' title='bbox 371 3347 571 3431; x_wconf 79' lang='grc' dir='ltr'><strong><em>ἐξεγένοντο,</em></strong></span> <span class='ocrx_word' id='word_1_192' title='bbox 588 3343 712 3436; x_wconf 90' lang='grc' dir='ltr'><strong><em>πικρήν</em></strong></span> <span class='ocrx_word' id='word_1_193' title='bbox 727 3343 901 3425; x_wconf 80' lang='grc' dir='ltr'><strong><em>ότλεῦντες</em></strong></span> <span class='ocrx_word' id='word_1_194' title='bbox 913 3342 1016 3429; x_wconf 76' lang='grc' dir='ltr'><strong><em>ὀιζύν.</em></strong></span> 
     </span>
     <span class='ocr_line' id='line_1_32' title="bbox 242 3440 1062 3536; baseline 0.002 -23"><span class='ocrx_word' id='word_1_195' title='bbox 242 3440 387 3534; x_wconf 87' lang='grc' dir='ltr'><strong><em>ὁππολην</em></strong></span> <span class='ocrx_word' id='word_1_196' title='bbox 401 3446 438 3518; x_wconf 74' lang='lat'><strong><em>66</em></strong></span> <span class='ocrx_word' id='word_1_197' title='bbox 453 3448 540 3536; x_wconf 75' lang='grc' dir='ltr'><strong><em>βόην</em></strong></span> <span class='ocrx_word' id='word_1_198' title='bbox 554 3448 671 3536; x_wconf 90' lang='grc' dir='ltr'><strong><em>βιότον</em></strong></span> <span class='ocrx_word' id='word_1_199' title='bbox 688 3456 812 3518; x_wconf 88' lang='grc' dir='ltr'><strong><em>κελνων</em></strong></span> <span class='ocrx_word' id='word_1_200' title='bbox 824 3446 897 3535; x_wconf 89' lang='grc' dir='ltr'><strong><em>λάχ’</em></strong></span> <span class='ocrx_word' id='word_1_201' title='bbox 916 3451 1062 3534; x_wconf 77' lang='grc' dir='ltr'><strong><em>ἕκαστος,</em></strong></span> 
     </span>
    </p>
   </div>
   <div class='ocr_carea' id='block_1_3' title="bbox 1224 2897 1226 2984">
    <p class='ocr_par' dir='ltr' id='par_1_3' title="bbox 1224 2897 1226 2984">
     <span class='ocr_line' id='line_1_33' title="bbox 1224 2897 1226 2984; baseline 0 -18"><span class='ocrx_word' id='word_1_202' title='bbox 1224 2897 1226 2984; x_wconf 68' lang='grc' dir='ltr'><strong><em>γ</em></strong></span> 
     </span>
    </p>
   </div>
   <div class='ocr_carea' id='block_1_4' title="bbox 242 3547 1029 3643">
    <p class='ocr_par' dir='ltr' id='par_1_4' title="bbox 242 3547 1029 3643">
     <span class='ocr_line' id='line_1_34' title="bbox 242 3547 1029 3643; baseline -0.011 -16"><span class='ocrx_word' id='word_1_203' title='bbox 242 3547 290 3627; x_wconf 70' lang='grc' dir='ltr'><strong><em>έό</em></strong></span> <span class='ocrx_word' id='word_1_204' title='bbox 298 3553 319 3616; x_wconf 90' lang='lat'>6</span> <span class='ocrx_word' id='word_1_205' title='bbox 325 3548 367 3624; x_wconf 89' lang='grc' dir='ltr'><strong><em>ιά</em></strong></span> <span class='ocrx_word' id='word_1_206' title='bbox 378 3576 431 3620; x_wconf 91' lang='grc' dir='ltr'><strong><em>τοι</em></strong></span> <span class='ocrx_word' id='word_1_207' title='bbox 445 3557 563 3641; x_wconf 80' lang='grc' dir='ltr'><strong><em>κρίνει,</em></strong></span> <span class='ocrx_word' id='word_1_208' title='bbox 582 3567 651 3632; x_wconf 69' lang='grc' dir='ltr'><strong><em>τοῖς</em></strong></span> <span class='ocrx_word' id='word_1_209' title='bbox 663 3549 798 3643; x_wconf 77' lang='grc' dir='ltr'><strong><em>ἀστέρες</em></strong></span> <span class='ocrx_word' id='word_1_210' title='bbox 811 3550 1029 3640; x_wconf 79' lang='grc' dir='ltr'><strong><em>έμβεβάασιν·</em></strong></span> 
     </span>
    </p>
   </div>
   <div class='ocr_carea' id='block_1_5' title="bbox 0 0 1252 3942">
    <p class='ocr_par' dir='ltr' id='par_1_5' title="bbox 0 0 1252 3942">
     <span class='ocr_line' id='line_1_35' title="bbox 0 0 1252 3942; baseline 0 0"><span class='ocrx_word' id='word_1_211' title='bbox 0 0 1252 3942; x_wconf 95' lang='lat' dir='ltr'><strong><em> </em></strong></span> 
     </span>
    </p>
   </div>
  </div>
 </body>
</html>
