2467 3942
192 192 309 257 XVIII
574 197 786 247 PRAEFATIO.

192 362 275 426 latus
296 357 561 439 interpretationis
588 375 683 417 causa
709 355 809 416 codex
835 354 961 421 omnino
982 375 1048 416 non
1070 354 1179 434 est‚*)

142 445 157 487 ·.
193 466 264 509 oum
277 464 381 525 neque
399 443 586 505 scholiorum
605 441 772 520 vestigium
791 448 893 501 exstat
911 451 1017 520 neque
1034 458 1181 520 usquam

192 533 259 594 tale
280 529 398 611 aliquid
421 537 591 589 correctum
610 528 666 604 sit;
693 546 767 588 nara
793 526 887 587 etiam
907 523 935 586 si
949 525 990 585 D.
1006 526 1047 586 33
1068 525 1180 587 rerba

195 612 274 701 [καὶ]
294 611 488 691 Ἁγνωνίδης
502 633 521 673 a
536 620 708 673 correctore
722 611 826 672 deleta
839 618 923 685 suut,
946 611 1047 672 solens
1060 620 1180 672 tamen

194 722 235 764 ne
254 703 314 761 hoo
331 700 458 781 quidem
474 698 619 759 librarius
638 697 817 777 peccavisse
833 696 969 757 videtum
1006 696 1122 775 Itaque
1146 698 1180 759 si

195 786 334 850 Oobetus
355 785 436 846 Eux.
457 785 500 844 36
523 783 557 843 in
578 782 682 844 verbis
705 777 752 843 dte
772 776 793 856 ἡ
814 777 906 857 χώρα
927 775 976 857 εἴη
999 777 1178 856 ἡΜολοῑ-

194 869 245 936 tlo
266 868 364 946 adsit
384 865 420 931 ἐν
435 864 455 949 ᾗ
471 864 509 929 τὸ
524 860 614 944 ἱερὸν
630 863 727 945 ἕσιν,
748 867 809 926 ista
828 862 849 941 ἡ
865 863 949 929 Mol.
968 866 1179 929 manifestum

195 956 346 1020 emblema
368 954 444 1016 dicit
463 953 515 1014 rel
537 953 671 1013 dialecto
691 953 880 1026 cannetum,
908 952 1018 1012 vitium
1039 951 1178 1031 quidem

194 1044 269 1106 satis
295 1039 497 1102 manifestum
522 1036 758 1116 tollendumque
788 1045 879 1116 puto,
915 1046 948 1097 at
975 1037 1063 1097 aliud
1090 1037 1177 1115 quid

196 1145 314 1188 novare
335 1144 399 1185 non
421 1124 514 1185 facile
536 1125 570 1183 in
592 1123 729 1184 animum
749 1122 934 1184 induxerim.

279 1211 320 1271 In
340 1209 541 1272 Stohartiano
562 1209 730 1282 volumine,
753 1207 839 1286 quod
860 1216 906 1267 est
927 1206 1025 1267 multo
1039 1207 1176 1268 minoris

194 1295 337 1371 ambitus,
360 1302 497 1356 correcta
518 1294 596 1353 vitia
616 1293 714 1353 fenne
735 1293 848 1371 viginti
870 1293 991 1366 insunt,
1016 1311 1033 1352 e
1055 1291 1176 1371 quihus

196 1381 350 1463 quaedam
371 1379 624 1458 orthographia,
653 1378 715 1437 alia
741 1395 818 1438 sane
845 1396 910 1437 non
937 1396 1061 1457 prorsus
1083 1376 1177 1439 levia

194 1475 283 1543 ομπος
306 1465 363 1529 sed
386 1465 469 1525 enim
491 1463 673 1543 gramadum
687 1462 928 1542 foedissimaque
950 1462 1054 1522 omnia
1074 1482 1176 1524 nemo

197 1552 339 1614 correxit.
377 1548 517 1628 Quorum
539 1566 578 1609 ex
600 1547 703 1627 amplo
724 1566 853 1609 numero
874 1578 919 1592 -
939 1566 1013 1609 nam
1033 1549 1128 1610 etiam
1145 1548 1177 1609 si

195 1638 299 1699 mittas
314 1629 464 1712 ὑπολάβῃ
480 1641 511 1694 et
525 1633 572 1695 τῶ
586 1642 619 1693 et
634 1628 762 1709 μεικμά(
776 1642 807 1693 et
821 1628 965 1710 ἔντομο(
979 1642 1072 1713 rupae
1087 1633 1175 1695 adeo

196 1718 633 1801 udl1‚plmoentumtameu
655 1718 875 1797 relinquuntur
896 1749 935 1762 ·—
957 1738 1058 1799 panea
1072 1736 1175 1799 quaa·

197 1808 270 1869 dam
291 1805 462 1886 generatim
483 1803 636 1884 disposita
657 1803 855 1863 enumerabo.
893 1802 1005 1865 Omisit
1024 1804 1175 1866 librarius

195 1893 316 1953 litteras
337 1890 447 1952 finales
470 1885 496 1951 Ν
520 1897 551 1949 et
574 1883 609 1963 C,
642 1889 825 1968 scripsitque
847 1904 907 1950 του
929 1908 985 1969 pro
1006 1885 1099 1965 rotis,
1128 1905 1173 1951 το

197 1996 253 2058 pro
280 1973 357 2056 τὸν,
377 1992 417 2051 τη
439 1994 495 2055 pro
517 1971 577 2050 τὴν
583 2019 593 2054 ,
615 1990 637 2049 η
658 1994 714 2053 pro
736 1966 795 2051 ἦν,
825 1994 916 2054 porro
945 1990 1031 2037 erote
1052 1994 1108 2055 pro
1131 1970 1173 2038 ἐν

196 2061 284 2141 τοῖς,
302 2060 402 2141 πολι,
430 2056 533 2136 τόλμα
555 2079 610 2140 pro
633 2055 772 2135 rossan
800 2060 894 2121 etiam
916 2061 1069 2120 contrario
1091 2060 1173 2121 vitio

195 2163 239 2224 rso
259 2165 315 2228 pro
337 2142 396 2223 τήν
419 2154 450 2207 et
470 2161 509 2221 ηε
530 2164 587 2224 pro
600 2143 669 2218 τῆε.
713 2141 835 2204 Omissa
854 2164 946 2223 porro
961 2144 1174 2224 compluribus

196 2234 274 2294 loeis
296 2231 418 2293 articuli
439 2229 671 2313 perticulacquc
693 2228 801 2308 quales
822 2239 896 2289 sunt
908 2225 971 2305 γάρ
993 2239 1025 2290 et
1047 2226 1094 2308 δέ,
1114 2249 1173 2291 ne·

197 2338 260 2398 que
280 2318 315 2377 in
337 2319 381 2378 aio
403 2316 554 2388 constitit,
585 2314 642 2375 sad
669 2312 740 2392 plus
766 2315 863 2375 semel
890 2316 983 2377 etiam
1003 2315 1175 2377 maioribus

196 2402 318 2463 lacunis
340 2401 443 2462 omnia
469 2398 615 2461 turbavit.
659 2397 786 2459 Deinde
811 2400 893 2460 male
918 2402 1049 2460 iteratae
1074 2401 1174 2481 sylla·

197 2486 258 2547 bae
278 2486 491 2565 reperiuntur:
515 2499 609 2563 ουου,
630 2480 949 2565 εονῑυνεληλυθότεε,
962 2484 1174 2561 sumuntu-

199 2566 320 2652 tuoto,
342 2582 636 2647 μνημονονεοτοοε,
657 2568 870 2648 voeabulaque
890 2578 969 2644 tota,
993 2579 1028 2630 ut
1048 2586 1173 2633 pacuv-

199 2673 314 2719 ποίαν.
360 2654 456 2716 Casus
479 2655 696 2715 continuorum
713 2653 934 2717 vocabulorum
947 2655 1088 2716 similiter
1108 2656 1173 2715 for-

198 2743 310 2803 mavit:
331 2736 423 2821 νόμῳ
446 2736 483 2800 δὲ
503 2742 550 2819 τῷ
571 2734 680 2819 τούτῳ
700 2736 825 2820 τρόπῳ,
847 2739 901 2801 ubi
922 2735 1041 2802 τούτου
1062 2759 1175 2800 verum

200 2837 256 2903 est,
279 2835 372 2906 atque
395 2826 473 2886 adeo
495 2824 616 2887 ullove
638 2841 757 2897 τινουε,
783 2825 868 2904 quod
889 2833 993 2886 tamen
1015 2827 1082 2904 ipse
1105 2845 1174 2885 oor-

197 2913 316 2977 rexisse
337 2911 470 2972 videtur.
509 2909 661 2972 Oonludit
681 2910 928 2991 praepositiones
950 2905 1016 2985 πρό
1031 2918 1062 2970 et
1076 2906 1173 2990 πρός,

201 2992 438 3075 προοοκώμενα
464 2996 601 3058 scribens
629 3003 661 3057 et
682 2988 911 3072 upotellovso,
938 2989 1176 3098 perinundat

199 3080 298 3159 ὑπέρ,
332 3083 419 3144 unde
448 3091 618 3144 monsmm
648 3081 729 3142 illud
759 3081 904 3143 vocabuli
935 3077 1175 3157 υπερμεμνηκέ-

201 3187 254 3234 ναι
276 3189 331 3250 pro
353 3165 630 3247 ὑπομεμενηκέναι
651 3168 681 3228 ei
702 3166 825 3228 excidit.
861 3165 1054 3228 Foedissima
1068 3173 1176 3226 autem

201 3257 339 3317 omnium
360 3252 661 3332 πληγαελοιμβανειν
683 3252 741 3315 ool.
765 3253 820 3327 10,
844 3270 900 3332 pro
921 3270 983 3331 qno
1006 3270 1079 3331 ego,
1103 3270 1176 3310 eum

279 3456 307 3525 ²¹¹)
325 3458 449 3524 Exponit
461 3455 514 3506 hoo
527 3455 557 3505 in
574 3455 666 3521 priore
679 3453 876 3506 dissertatione
888 3450 1074 3514 Fritasohius3
1091 3450 1176 3504 Com·

199 3527 340 3594 purettius
357 3541 415 3578 non
431 3528 507 3575 recte
525 3528 621 3576 eontra
638 3524 731 3575 dicare
749 3522 817 3573 mihi
833 3521 953 3575 videtur.
