2467 3942
190 252 230 313 66
322 248 608 334 Μαντοαοιοε
631 213 1082 342 κοουιιατειιαυιεαω

183 457 186 466 ’
255 417 1057 512 ζωιδίοιςἰδίοισιν,ἐςήγεμονηίδαςάρχάς

255 529 386 608 ἵξεσθαι
397 525 453 593 καλ
467 529 617 614 σκῆπτρα
631 522 761 613 βροτοῖς
775 525 932 614 βασιλήια
946 525 1084 614 φράζει,

193 645 243 699 100
256 628 401 699 πλοῦτόν
414 624 446 696 τ’
458 625 626 716 ’ὀλβήεντα
640 627 764 715 δόμους
776 624 807 695 τ’
825 626 1028 717 εὐδαίμονας
1042 636 1158 719 ἔρδει·

257 730 378 811 ἐκτὸς
396 727 429 801 δ’
447 737 624 800 οἰκείων
636 734 799 819 μοιρῶν
813 735 1015 820 γενέθλησιν
1031 733 1187 821 ἐφεστώς

258 833 479 916 πλουτοτόκος
492 833 687 923 κτήσινμὲυ
699 829 786 921 ἀγαν
800 833 1036 923 πολυχρήμουα
1049 836 1168 926 τεύχει

257 940 313 1008 καὶ
326 935 443 1027 βιοτήν
461 936 662 1024 πλήθουσαν
674 933 847 1025 ἀλάπητόν
859 965 895 1006 τε
910 943 1063 1026 δίαιταν,

256 1038 360 1130 ἀρχάς
373 1037 405 1109 θ’
424 1037 486 1109 οὐκ
499 1037 570 1122 ἀξει
583 1045 780 1129 βασιληίὸας
793 1037 874 1110 οὐδὲ
894 1040 1125 1130 θρονισμούς,

193 1162 243 1214 105
257 1139 376 1233 ἡσυχίη
393 1139 424 1213 δ’
440 1140 582 1232 ἀφανεῖς
593 1144 773 1232 σκήπτρων
788 1148 864 1229 δίχα
878 1142 999 1214 τούσδε
1013 1144 1198 1236 φυλάσσει,

184 1287 188 1292 -
259 1244 425 1336 ἀβλαβέας
437 1244 481 1333 τ’,
500 1256 604 1317 νίκων
616 1272 653 1315 τε
668 1251 916 1336 ὃιευθυντήρας
929 1251 966 1317 ἐν
980 1244 1084 1343 ἀλβφ.

222 1463 243 1521 c
288 1442 370 1520 Ὧδε
383 1423 446 1539 μὲν
457 1447 636 1522 ἀπλανέων
648 1477 685 1520 τε
698 1450 900 1540 πλανητάων
912 1479 949 1521 τε
962 1454 1117 1524 κέλευθα

259 1552 431 1644 ῥομβηδόυ
443 1555 521 1643 περὶ
535 1554 661 1643 κόσμον
674 1550 855 1647 ἀματροχιή
867 1554 1067 1646 πεφόρηται.
1111 1593 1115 1600 ·

286 1742 391 1832 ’Ἁλλα
405 1760 444 1829 δέ
455 1787 506 1828 τοι
520 1759 602 1843 λέξω
617 1759 698 1830 πάλι
712 1760 840 1849 σήματα
853 1771 933 1860 θεία
946 1764 1131 1852 γενέθλης.

195 1975 306 2033 01110
352 1961 461 2033 Ἡυίκ’
476 1958 519 2035 ἀν
530 1959 556 2033 ἀ
566 1968 1050 2054 ράωνπανεπίσκοπαφέγγεα
1057 1969 1202 2061 Μήνης

257 2070 439 2194 φυομένοις
452 2068 656 2154 μερόπεσσιν
668 2064 724 2136 ἀν’
740 2067 887 2158 οὐρανὸν
900 2067 1100 2159 αὐγάζηται,

258 2167 363 2259 ἀστήρ
377 2168 412 2239 δ’
428 2176 476 2249 είς
491 2170 650 2259 θυσμάς
654 2167 696 2240 'A
704 2199 797 2259 ρεος
810 2176 1159 2276 πνριλαμπέοςέλθη,

260 2275 409 2353 ἐνσιυέας
422 2301 459 2342 τε
472 2280 587 2362 τίθησι
601 2274 754 2361 βροτους,
768 2272 896 2364 ἀβίους,
907 2272 1148 2382 ἀμελάθρους,

259 2376 317 2445 καὶ
329 2382 421 2466 λιτής
434 2384 550 2469 πενίης
561 2376 775 2501 χερνήτορας,
794 2377 975 2460 ἀκτεάνους
987 2400 1041 2448 τε

151 2467 155 2474 ’
194 2494 243 2548 115
256 2480 397 2549 πολλάκι
409 2480 466 2548 καί
478 2478 616 2575 θανάτφ
630 2479 859 2569 κακομήχανος
874 2480 978 2553 ὤλεσε
992 2488 1108 2577 δεινῷ.

203 2692 238 2752 ·2
282 2680 1210 2779 Ἢνὸέίάυοικείοισιτόποιςὦροσκόπον”Αρης

260 2790 384 2875 φέγγος
397 2790 557 2876 ἐπιτρέψῃ
569 2796 713 2878 γονλμην
727 2790 781 2858 ἐπὶ
796 2792 938 2877 γαστέρα
947 2796 1107 2917 θνήτων,

258 2890 453 2976 χωλόποδας
465 2889 575 3015 τεύχει
587 2920 624 2960 τε
637 2893 694 2961 καὶ
708 2888 873 2973 ἀσθενέας
891 2890 981 2962 καὶ’
961 2893 1116 2981 ἀώρους,

260 2993 351 3061 νωτά
363 3023 400 3064 τε
412 2993 653 3084 κυρτιόωντας,
673 2995 724 3065 ἰδὲ
737 3002 925 3086 ψευστήρας
938 2993 1133 3085 ἀθέσμους,

196 3085 258 3163 120
254 3097 318 3164 καὶ
331 3114 501 3185 παναγεις,
514 3094 618 3186 όλβου
631 3127 668 3169 τε
681 3098 871 3189 ποθήτορας
883 3096 1090 3189 ἀλλοτρίοιο·

260 3193 347 3287 ήνδ’
364 3200 930 3298 ἐπιμαρτυρίηυ’Ἀρεωςἐλθοῦσ’
941 3200 1173 3294 Ἀφροδίτη

261 3298 350 3390 ὅμμοι
364 3302 451 3427 βάλη
464 3304 633 3392 πανταυγὲ
635 3334 651 3385 ς
665 3302 735 3374 ἐν
717 3311 893 3398 ημεριυήσι
908 3313 1068 3395 λοχείαις,

261 3405 299 3473 ἐκ
313 3402 419 3491 πυρὸς
433 3403 616 3531 αὖχήσρυσι
629 3412 746 3495 τέχνας
759 3409 915 3509 μέλανός
914 3437 950 3480 τε
965 3409 1128 3498 σιδήρου,

259 3501 379 3595 ἀκμοσι
393 3508 635 3599 ραιστοτύποις
643 3514 864 3601 μεμελημένοι
878 3510 938 3602 ήδὲ
951 3519 1114 3601 καμίνοις.

623 3661 774 3674 w—
