2467 3942
405 188 595 250 ειυΛιοω
612 211 639 260 ς.
662 189 721 267 [α]
1029 196 1069 254 ιτ

56 381 113 435 300
163 359 278 443 ὅσσαις
296 359 331 431 θ’
354 352 435 432 αὖτε
456 363 612 450 γυναιξὶν
625 359 745 450 ’Ἄρης
765 364 946 433 Φαέθων
963 364 994 434 τ’
1015 370 1071 437 ἐπὶ

682 467 810 559 κέντρφ

125 567 298 660 αἰπυτάτφ
311 565 471 656 βεβάωσι,
484 574 520 635 Κ
524 568 607 655 υθή
614 595 687 657 ρης
700 571 737 637 έν
750 567 917 657 Κρόνον
930 580 1012 664 οῖκφ

123 676 339 761 φαινομένης,
357 667 463 739 αὐτοῦ
474 697 512 740 τε
524 669 661 759 Κρόνου
675 670 746 764 ζάω
762 674 800 741 ἐν
813 676 944 761 ἐκείνης

1 809 6 815 ·
123 777 522 864 δερκομένουΦιιέθοντα
535 778 805 864 μεσουρανέοντα
819 773 1005 865 καῖ’Ἀρην,

120 886 218 968 τῇσιν
232 874 331 966 Μοῖρ’
348 873 428 966 ὀλοή
440 879 570 947 τέκνων
581 878 708 966 στάχυν
720 875 831 948 οὔποτ’
847 885 991 967 ἐνειμεν.

53 1001 110 1055 305
167 979 265 1053 Τόσσ’
289 978 394 1051 εἰπάν
414 977 602 1050 ἀτέκνων
622 1009 659 1049 τε
678 982 735 1049 καὶ
754 978 978 1071 ἄστιέρμων
991 981 1069 1069 περὶ

673 1089 854 1171 φωτῶν,

121 1186 206 1262 ἄλλα
219 1187 521 1276 θέμαντιπόλοισιν
535 1186 810 1274 ἐπιφράσσασθαι
823 1186 940 1270 ἐάσας,

123 1289 227 1361 αὐτίκ’
244 1288 295 1359 άό
303 1297 485 1379 ελφειων
503 1293 585 1372 λέξω
600 1295 670 1369 πῶς
684 1286 727 1358 άν
740 1316 779 1358 κε
795 1289 941 1377 φράσαιο

123 1404 200 1481 πλη
210 1394 307 1479 θάν,
320 1390 487 1464 ὁππόσσοι
498 1420 535 1463 τε
548 1397 625 1481 μιής
638 1389 704 1461 άπὸ
717 1389 859 1480 γαστρὸς
872 1399 967 1461 ἔασιν

121 1504 160 1566 ἐκ
173 1494 198 1565 τ’
213 1507 296 1566 οῖων
313 1500 478 1585 πατέρων,
493 1494 614 1575 ὅσσους
626 1493 651 1563 τ’
668 1497 779 1583 ἐπιμὶξ
793 1498 945 1565 ἐτέταντο

54 1617 109 1674 310
120 1603 259 1689 μητέρες
272 1597 434 1684 άλλοῖοισι
448 1597 522 1689 παρ’
538 1596 705 1687 ἀνδράσιν
724 1595 932 1687 εὐνηθεῖσαι.

159 1707 196 1773 ἐν
212 1709 315 1797 θυμῷ
330 1702 372 1791 δή
386 1709 501 1791 πρῶτοι
516 1700 603 1793 χρεω
614 1702 802 1790 φράζεσθαι
814 1698 983 1790 άριθμόν,

119 1804 215 1875 ὅσσοι
230 1803 280 1892 ἐφ’
297 1802 471 1892 ὡρονόμου
485 1805 557 1897 ζώω
570 1805 711 1897 τριτάτῳ
725 1810 957 1894 καθορωνται,

123 1906 437 1996 ήὲμεσουρανέοντι
451 1908 547 1977 πόσοι
562 1904 726 1995 βεβάασιν
741 1904 895 1996 ὅπερθεν

121 2008 222 2080 άστέ
227 2038 248 2097 ρ
257 2037 314 2095 ις,
328 2005 349 2098 ή
363 2013 539 2099 σφετέραις
551 2009 770 2098 ἐπιμάρτυρολ
785 2017 849 2081 εἰσι
863 2016 1013 2100 βολῇσιν.

53 2131 107 2184 315
121 2111 247 2185 ὁππότε
260 2110 294 2182 θ’
311 2116 345 2194 ἐξ
360 2109 448 2203 ὅρης
460 2111 615 2201 τριτάτου
628 2109 654 2181 τ’
671 2108 737 2181 άπὸ
752 2113 920 2203 θεικήλοιο

120 2212 142 2306 ή
157 2212 245 2286 ὁπότ’
261 2219 300 2286 έιι
313 2218 466 2305 κέντροιο
483 2214 568 2284 τόθε-
575 2219 766 2298 σκέψασθαι
779 2213 914 2305 άρειον,

121 2316 184 2389 οὐκ
198 2326 324 2389 ἔλαθεν
336 2317 444 2407 σοφόν
460 2315 569 2407 ἄνδρα
581 2321 639 2389 καὶ
652 2324 775 2407 ῖθμονα
787 2319 1040 2409 μαντοσυνάων.

161 2418 207 2502 οὸς
221 2419 254 2491 θ’
271 2418 380 2501 αὕτως
391 2425 530 2506 σκέψαιο
543 2424 601 2491 καὶ
614 2419 726 2502 ὄσσοις
739 2420 879 2512 άστράσι
891 2423 1014 2513 Μήνη
1071 2429 1074 2435 ’

121 2523 311 2614 συμφέρεέ,
326 2520 348 2615 ἢ
359 2521 486 2595 ὄσσοισι
499 2529 613 2614 μέχρις
626 2519 746 2614 φάσιος
759 2529 954 2615 συνέμιξεν·

53 2643 108 2697 320
121 2627 260 2709 τόσσους
273 2627 337 2717 γάρ
350 2626 502 2716 γνωτοὺς
514 2637 632 2715 Μοῖρα
645 2640 823 2717 θνητοῖσιν
839 2627 963 2713 ὀπάζει.

120 2738 152 2802 εἰ
165 2729 197 2802 θ’
213 2729 279 2822 άρα
291 2731 337 2820 μή
347 2758 416 2802 τινι
429 2730 550 2822 Μήνη
564 2729 649 2820 ὁμοῦ
661 2734 737 2801 θέοι
750 2730 790 2821 ήέ
806 2732 987 2819 συνάπτοι,

117 2835 230 2906 τόσσοι
243 2831 296 2905 ἀπ’
311 2832 458 2906 ἀλλοίων
471 2838 581 2924 μικταὶ
593 2838 771 2905 τελέθουσι
783 2835 925 2924 τοκήων.
977 2864 979 2870 ’

157 2943 196 3008 ἐν
209 2939 247 3009 δέ
257 2940 417 3027 δισωμοις
429 2934 521 3008 ὅσσοι
533 2935 620 3027 ὁμοῦ
632 2937 761 3027 Μήνη
775 2942 972 3027 φορέονται,

119 3034 141 3126 ἢ
155 3041 314 3130 συναφὴν
327 3038 506 3127 θείκνυνέ,
525 3037 546 3131 ή
559 3047 783 3131 μαρτυρίῃσιν
796 3037 938 3131 ὁρῶσιν,

54 3157 109 3213 325
123 3141 259 3223 δισσοὺς
269 3150 343 3233 obre
357 3145 578 3234 κασιγνήτους
591 3155 748 3230 θνητοῖσι
761 3148 933 3233 νέμουσιν.
953 3189 955 3196 x

162 3251 194 3315 εἰ
211 3243 243 3315 δ’
260 3249 388 3350 ἐθέλοις
402 3252 601 3337 θεθαήσθαι,
618 3244 704 3315 άπαῖ
717 3251 871 3338 πατέρων
884 3248 947 3336 μὲν
964 3244 1066 3317 ὁπόσ-

680 3370 751 3437 σοι,

118 3449 320 3589 μητρῴης*θ’
338 3449 405 3523 άπὸ
417 3449 566 3588 γαστρός*
573 3447 645 3520 ὅσοι
657 3454 819 3539 γεγάασιν
835 3450 989 3539 ὅμαιμοι,

409 3553 425 3592 *
694 3554 709 3589 *
842 3553 858 3589 *
