2467 3942
185 250 215 310 4⁴
313 246 598 310 ΜΑΝΕΘΩΝΟΣ
615 247 1062 308 ΑΠΟΤΕΛΕΣΜΑΤΙΚΩΝ
1119 329 1122 348 ι

288 422 415 491 πέντε
428 415 457 489 δ’
474 416 522 507 ἀρ’
537 416 710 508 ἀστέρες
723 416 1196 507 οἷοιάγαυότατοιδιάκόκλου

203 544 236 597 15
250 528 426 598 Ζωδιακοῦ
440 523 616 605 πλάζονται
631 521 844 611 ἀμειβόμενοι
858 522 942 592 κατά
955 524 1081 614 κόσμον

250 630 307 697 καὶ
321 624 462 715 δείκηλ’,
478 623 536 706 οὓς
550 631 641 713 φῦλα
655 633 785 715 βροτῶν
797 623 968 716 ὀνόμηναν
981 624 1164 718 ἀλήτας,

250 737 319 801 τῶν
332 730 395 819 μέν
412 727 457 819 δή
474 730 656 817 μετόπισθε
672 738 754 817 φίλη
769 727 948 820 μεμνήσομ’
964 728 1074 821 ἀοιδήὶ

290 831 431 922 Μακρός
441 830 471 902 δ’
489 823 532 901 αὖ
547 829 735 922 διάμέσσου
745 832 904 924 έλήλαται
914 830 1064 920 οὐρανοῦ
1077 834 1126 920 ἀξ
1137 865 1198 922 ων,

252 934 439 1025 ἀστεμφής,
460 932 610 1005 ὅσσοισιν
623 932 781 1028 ὁρωμένφ
796 933 1031 1025 ἀπροτίοπτος,

206 1057 242 1109 20
255 1036 291 1120 ὃς
304 1040 382 1128 περὶ
398 1046 466 1109 πάν
479 1046 575 1127 γαίης
587 1065 624 1107 τε
637 1041 694 1107 καὶ
708 1037 891 1127 ἀτρυγέτου
907 1037 963 1107 διά
977 1041 1109 1112 πόντου

222 1147 228 1166 ’
254 1135 324 1213 ὦκα
340 1143 518 1234 διηνεκέως
533 1139 729 1231 δινούμενος
742 1138 804 1212 οὐκ
818 1139 988 1230 ἀπολήγει.
1031 1154 1034 1162 ’

299 1251 366 1315 Τοῦ
381 1245 418 1315 δὲ
433 1246 482 1315 δύ
492 1273 518 1313 ω
533 1244 656 1314 πόλοι
671 1247 735 1314 είσὶ
749 1249 995 1335 καταντιπέρην
1008 1243 1198 1328 ἀσάλευτοι,

254 1345 291 1430 δς
306 1349 369 1437 μέν
381 1351 435 1417 ἐπὶ
449 1355 595 1438 κρυεροῦ
609 1351 722 1437 Βορέω
740 1356 895 1438 πνοιήσιν
908 1346 1041 1439 ἀρηρώς

180 1535 183 1540 ¹
254 1453 310 1520 καὶ
325 1457 473 1539 κεφαλῆς
491 1449 594 1539 ἀγχοῦ
609 1457 706 1541 βαιής
719 1443 1135 1541 κυνοσουρίδος’Ἁρκτου,

201 1570 236 1624 25
250 1552 349 1635 ἀλλος
367 1551 401 1625 δ’
419 1557 456 1623 έν
471 1561 573 1649 διερῷ
587 1555 687 1649 Νότφ
701 1560 843 1624 ἵσταται·
860 1552 934 1625 ἀλλ’
950 1552 1044 1644 ὃμὲν
1055 1552 1157 1638 ὑψοῦ

252 1674 360 1728 κεῖται
375 1653 613 1747 ὑπερχθόνιος,
633 1658 755 1738 Νότιος
772 1656 804 1727 δ’
823 1654 959 1747 ἀίδηλος
972 1655 1028 1727 ἀπ’
1044 1657 1143 1729 αἶαν.

292 1769 327 1831 Κ
331 1759 451 1832 υκλοι
465 1759 496 1830 δ
510 1790 553 1830 αν
540 1753 953 1851 πολλοὶκαὶάπείριτοι
963 1760 1197 1849 οόρανοῦείσο

230 1870 447 1950 δινεννται,
466 1863 545 1944 τοὺς
559 1861 657 1945 αὐτὸς
670 1862 722 1934 ἀεὶ
735 1873 879 1991 σφαίρης
893 1865 1124 1979 στροφάλιγγι

254 1967 365 2056 τεύχει
379 1967 630 2062 έλισσομένων’
616 1968 750 2058 ἀστρων
770 1966 837 2037 κατ’
854 1965 1026 2057 ἀπείριτον
1040 1968 1157 2092 οἷμον.

207 2088 242 2142 30
292 2078 362 2140 τῶν
377 2073 417 2140 δέ
427 2098 463 2141 τε
477 2071 613 2141 πόντων
628 2078 658 2141 εί
646 2074 692 2141 ίσὶ
706 2074 879 2159 πανέξοχοι
890 2074 1013 2141 ἐννέα
1029 2072 1198 2154 κύκλοι,

254 2175 365 2272 δοιοὶ
379 2175 441 2261 μέν
455 2183 647 2261 προτίοπτοι
662 2171 710 2245 ἰδ’
731 2170 1104 2264 όφθαλμοῑσινδρητοί,

255 2282 290 2347 ολ
301 2263 332 2346 δ’
352 2274 447 2346 ἀλλοι
464 2278 541 2366 μήτι
555 2276 713 2365 μερόπων
726 2285 889 2372 πραπίσιν
902 2305 938 2346 τε
953 2285 1078 2366 νοητοί.

293 2383 368 2449 έπτ
371 2377 551 2461 ’ἀιδεις
516 2410 578 2469 μεν
592 2388 688 2450 ἔασιν
701 2378 748 2450 ί’δ
701 2384 803 2450 ίέν
817 2382 917 2504 φρεσί
930 2386 1059 2468 μοῦνον
1071 2377 1200 2473 ὁρητοί

254 2480 409 2572 ἀλλήλοις
423 2484 459 2553 δε
474 2485 693 2575 παραβλήδην
706 2483 947 2576 στρωφώμεναι
965 2489 1049 2552 αίεί·

201 2600 236 2654 35
249 2582 285 2667 ὃς
304 2587 366 2676 μὲν
382 2585 446 2679 γάρ
462 2592 592 2677 πρῶτος
707 2599 724 2639 *
841 2599 858 2641 *
975 2598 992 2638 *

254 2702 272 2743 *
399 2702 416 2743 *
547 2693 564 2733 *
679 2690 786 2760 πόλου
802 2688 998 2777 δινεόμενος
1010 2684 1127 2779 ὑψοῦ,

260 2789 337 2865 ὅντε
351 2792 536 2878 Βόρειον
551 2799 661 2880 φῶτες
674 2798 850 2882 ἐπίκλησιν
862 2797 1059 2863 καλέουσιν·

257 2892 316 2964 τόν
331 2895 368 2964 δέ
382 2900 463 2984 μέτα
476 2923 549 2992 τρο
560 2923 584 2965 π
595 2926 607 2966 ι
618 2895 687 2978 κός
705 2900 783 2983 δέρ
793 2924 857 2977 εος
871 2899 1103 2986 πυριλαμπέος
1121 2893 1203 2983 ὥρης

175 3013 179 3024 “
256 3004 404 3085 γίνεται·
517 3011 535 3052 *
641 3011 658 3055 *
765 3011 782 3054 *
885 3011 902 3054 *
1006 3010 1023 3053 *

256 3107 423 3172 τείνονται
437 3100 653 3191 μεσότοιο,
669 3101 715 3173 δι’
733 3093 775 3173 οὗ
790 3100 876 3173 θοόν
891 3098 980 3192 ἀρμα
993 3109 1159 3188 τιταίνων

258 3214 335 3293 ίσην
344 3201 469 3283 Ἠέλιος
483 3202 593 3294 τεόχει
607 3203 691 3275 νόκτ
689 3202 914 3328 ’ἀμβροτον’
896 3222 968 3295 ηοῖ·
1018 3279 1019 3282 ,

206 3320 242 3375 40
255 3335 301 3399 τῳ
287 3304 347 3377 δ’
366 3315 421 3377 ἔπι
436 3317 675 3397 χειμερίοιο
689 3315 813 3397 τροπῆς
827 3309 949 3391 κύκλος
963 3306 1174 3408 ἐστήρικται·

258 3408 413 3499 έξείηςδ’
431 3414 485 3480 ἐπὶ
499 3440 545 3481 τω
530 3412 837 3500 Νότιοςπέλει,
851 3441 893 3482 ου
878 3404 976 3502 ῥα
962 3440 998 3480 τε
1011 3409 1114 3499 βαιην

155 3605 160 3610 ,
187 3591 189 3596 ,
258 3514 380 3637 φρμλζεο
393 3482 670 3645 μοίρανόπερθε,
686 3514 723 3586 τὸ
738 3514 801 3641 γάρ
814 3520 918 3585 πλέον
932 3508 1035 3583 ἔσθ’
1016 3511 1201 3598 υπόγαῖαν·

240 3613 331 3696 ιτοδς
345 3616 383 3687 δὲ
396 3619 517 3705 μέσους
530 3620 688 3707 τέμνουσι
702 3619 752 3689 δ
731 3647 785 3688 οω
807 3618 951 3689 κόκλοι
966 3612 1080 3699 ἀξονος
1095 3611 1203 3682 αὐτοῦ
