<?xml version="1.0" encoding="UTF-8"?>
<!DOCTYPE html PUBLIC "-//W3C//DTD XHTML 1.0 Transitional//EN"
    "http://www.w3.org/TR/xhtml1/DTD/xhtml1-transitional.dtd">
<html xmlns="http://www.w3.org/1999/xhtml" xml:lang="en" lang="en">
 <head>
  <title>
</title>
<meta http-equiv="Content-Type" content="text/html;charset=utf-8" />
  <meta name='ocr-system' content='tesseract 3.04.00' />
  <meta name='ocr-capabilities' content='ocr_page ocr_carea ocr_par ocr_line ocrx_word'/>
</head>
<body>
  <div class='ocr_page' id='page_1' title='image "./hyperidisoratio01blasgoog/hyperidisoratio01blasgoog_0033.png"; bbox 0 0 2467 3942; ppageno 0'>
   <div class='ocr_carea' id='block_1_1' title="bbox 394 207 1034 270">
    <p class='ocr_par' dir='ltr' id='par_1_1' title="bbox 394 207 1034 270">
     <span class='ocr_line' id='line_1_1' title="bbox 394 207 1034 270; baseline 0.005 -4"><span class='ocrx_word' id='word_1_1' title='bbox 394 218 477 266; x_wconf 76' lang='grc' dir='ltr'>ντοκ</span> <span class='ocrx_word' id='word_1_2' title='bbox 501 218 704 267; x_wconf 70' lang='lat' dir='ltr'><strong>nummum.</strong></span> <span class='ocrx_word' id='word_1_3' title='bbox 937 207 1034 270; x_wconf 83' lang='lat' dir='ltr'>XXV</span> 
     </span>
    </p>
   </div>
   <div class='ocr_carea' id='block_1_2' title="bbox 23 348 1070 1161">
    <p class='ocr_par' dir='ltr' id='par_1_2' title="bbox 23 348 1070 1161">
     <span class='ocr_line' id='line_1_2' title="bbox 23 348 1067 467; baseline -0.001 -29"><span class='ocrx_word' id='word_1_4' title='bbox 23 348 27 467; x_wconf 60' lang='grc' dir='ltr'>ή</span> <span class='ocrx_word' id='word_1_5' title='bbox 80 375 276 456; x_wconf 80' lang='grc' dir='ltr'>πραγμάτων·</span> <span class='ocrx_word' id='word_1_6' title='bbox 303 374 357 440; x_wconf 84' lang='grc' dir='ltr'>καὶ</span> <span class='ocrx_word' id='word_1_7' title='bbox 382 374 456 455; x_wconf 89' lang='grc' dir='ltr'>περὶ</span> <span class='ocrx_word' id='word_1_8' title='bbox 481 377 549 439; x_wconf 87' lang='grc' dir='ltr'>τῶν</span> <span class='ocrx_word' id='word_1_9' title='bbox 576 376 761 453; x_wconf 83' lang='grc' dir='ltr'>ςτρατηγῶν</span> <span class='ocrx_word' id='word_1_10' title='bbox 788 371 835 439; x_wconf 85' lang='grc' dir='ltr'>ὡν</span> <span class='ocrx_word' id='word_1_11' title='bbox 862 374 930 458; x_wconf 85' lang='grc' dir='ltr'>ᾔτει</span> <span class='ocrx_word' id='word_1_12' title='bbox 957 374 1067 453; x_wconf 69' lang='grc' dir='ltr'>παρ’κλ</span> 
     </span>
     <span class='ocr_line' id='line_1_3' title="bbox 23 458 1033 541; baseline 0.001 -17"><span class='ocrx_word' id='word_1_13' title='bbox 23 482 25 511; x_wconf 37' lang='lat' dir='ltr'><strong>Q</strong></span> <span class='ocrx_word' id='word_1_14' title='bbox 79 459 410 539; x_wconf 77' lang='grc' dir='ltr'>Ἀθηναίωνάντεῖπε,</span> <span class='ocrx_word' id='word_1_15' title='bbox 437 459 487 525; x_wconf 83' lang='grc' dir='ltr'>καὶ</span> <span class='ocrx_word' id='word_1_16' title='bbox 509 459 583 538; x_wconf 82' lang='grc' dir='ltr'>περὶ</span> <span class='ocrx_word' id='word_1_17' title='bbox 608 461 677 524; x_wconf 86' lang='grc' dir='ltr'>τῶν</span> <span class='ocrx_word' id='word_1_18' title='bbox 699 458 854 538; x_wconf 86' lang='grc' dir='ltr'>τριήρων·</span> <span class='ocrx_word' id='word_1_19' title='bbox 882 461 1033 541; x_wconf 89' lang='grc' dir='ltr'>ςυνεβού-</span> 
     </span>
     <span class='ocr_line' id='line_1_4' title="bbox 78 543 1033 628; baseline 0.001 -20"><span class='ocrx_word' id='word_1_20' title='bbox 78 547 157 610; x_wconf 90' lang='grc' dir='ltr'>λευςε</span> <span class='ocrx_word' id='word_1_21' title='bbox 177 546 213 610; x_wconf 82' lang='grc' dir='ltr'>δὲ</span> <span class='ocrx_word' id='word_1_22' title='bbox 233 545 287 609; x_wconf 86' lang='grc' dir='ltr'>καὶ</span> <span class='ocrx_word' id='word_1_23' title='bbox 307 545 346 609; x_wconf 87' lang='grc' dir='ltr'>τὸ</span> <span class='ocrx_word' id='word_1_24' title='bbox 368 544 421 609; x_wconf 80' lang='grc' dir='ltr'>ἐπὶ</span> <span class='ocrx_word' id='word_1_25' title='bbox 434 543 584 627; x_wconf 75' lang='grc' dir='ltr'>Ταινάρῳ</span> <span class='ocrx_word' id='word_1_26' title='bbox 604 544 732 611; x_wconf 82' lang='grc' dir='ltr'>ξενικὸν</span> <span class='ocrx_word' id='word_1_27' title='bbox 753 545 793 623; x_wconf 88' lang='grc' dir='ltr'>μὴ</span> <span class='ocrx_word' id='word_1_28' title='bbox 817 546 970 628; x_wconf 86' lang='grc' dir='ltr'>διαλῦςαι,</span> <span class='ocrx_word' id='word_1_29' title='bbox 993 543 1033 611; x_wconf 85' lang='grc' dir='ltr'>οὑ</span> 
     </span>
     <span class='ocr_line' id='line_1_5' title="bbox 80 628 1034 712; baseline 0.001 -18"><span class='ocrx_word' id='word_1_30' title='bbox 80 629 171 709; x_wconf 85' lang='grc' dir='ltr'>Χάρης</span> <span class='ocrx_word' id='word_1_31' title='bbox 201 629 330 712; x_wconf 85' lang='grc' dir='ltr'>ἡγεῖτο,</span> <span class='ocrx_word' id='word_1_32' title='bbox 365 628 489 694; x_wconf 85' lang='grc' dir='ltr'>εὐνόως</span> <span class='ocrx_word' id='word_1_33' title='bbox 516 629 600 708; x_wconf 88' lang='grc' dir='ltr'>πρὸς</span> <span class='ocrx_word' id='word_1_34' title='bbox 627 629 686 694; x_wconf 90' lang='grc' dir='ltr'>τὸν</span> <span class='ocrx_word' id='word_1_35' title='bbox 716 630 891 708; x_wconf 87' lang='grc' dir='ltr'>ςτρατηγὸν</span> <span class='ocrx_word' id='word_1_36' title='bbox 919 630 1034 695; x_wconf 78' lang='grc' dir='ltr'>διακεί-</span> 
     </span>
     <span class='ocr_line' id='line_1_6' title="bbox 79 712 1068 794; baseline -0.003 -16"><span class='ocrx_word' id='word_1_37' title='bbox 79 733 169 792; x_wconf 89' lang='grc' dir='ltr'>μενος.</span> <span class='ocrx_word' id='word_1_38' title='bbox 190 750 232 760; x_wconf 89' lang='grc'><strong>-</strong></span> <span class='ocrx_word' id='word_1_39' title='bbox 255 716 293 780; x_wconf 89' lang='grc' dir='ltr'>τό</span> <span class='ocrx_word' id='word_1_40' title='bbox 315 716 352 779; x_wconf 80' lang='grc' dir='ltr'>δὲ</span> <span class='ocrx_word' id='word_1_41' title='bbox 374 719 506 794; x_wconf 87' lang='grc' dir='ltr'>πρῶτον</span> <span class='ocrx_word' id='word_1_42' title='bbox 522 717 632 792; x_wconf 83' lang='grc' dir='ltr'>μιςθοῦ</span> <span class='ocrx_word' id='word_1_43' title='bbox 650 714 738 779; x_wconf 86' lang='grc' dir='ltr'>δίκας</span> <span class='ocrx_word' id='word_1_44' title='bbox 753 712 854 790; x_wconf 88' lang='grc' dir='ltr'>ἔλεγε.</span> <span class='ocrx_word' id='word_1_45' title='bbox 877 750 916 761; x_wconf 90' lang='lat'>-</span> <span class='ocrx_word' id='word_1_46' title='bbox 939 714 1068 782; x_wconf 81' lang='grc' dir='ltr'>δόξας4</span> 
     </span>
     <span class='ocr_line' id='line_1_7' title="bbox 77 798 1068 883; baseline -0.002 -20"><span class='ocrx_word' id='word_1_47' title='bbox 77 799 108 863; x_wconf 82' lang='grc' dir='ltr'>δὲ</span> <span class='ocrx_word' id='word_1_48' title='bbox 126 799 389 879; x_wconf 86' lang='grc' dir='ltr'>κεκοινωνηκέναι</span> <span class='ocrx_word' id='word_1_49' title='bbox 410 801 479 865; x_wconf 83' lang='grc' dir='ltr'>τῶν</span> <span class='ocrx_word' id='word_1_50' title='bbox 492 799 660 878; x_wconf 81' lang='grc' dir='ltr'>Περςιιςῶν</span> <span class='ocrx_word' id='word_1_51' title='bbox 676 798 849 878; x_wconf 88' lang='grc' dir='ltr'>χρημάτων</span> <span class='ocrx_word' id='word_1_52' title='bbox 871 798 1033 883; x_wconf 81' lang='grc' dir='ltr'>Ἐφιάλτῃ,</span> <span class='ocrx_word' id='word_1_53' title='bbox 1051 809 1068 861; x_wconf 79' lang='lat'><strong>5</strong></span> 
     </span>
     <span class='ocr_line' id='line_1_8' title="bbox 23 881 1070 1048; baseline 0.005 -18"><span class='ocrx_word' id='word_1_54' title='bbox 23 926 25 993; x_wconf 79' lang='lat'><em>³</em></span> <span class='ocrx_word' id='word_1_55' title='bbox 78 884 255 1048; x_wconf 58' lang='grc' dir='ltr'>ήήήρχὲξ</span> <span class='ocrx_word' id='word_1_56' title='bbox 276 881 1070 1037; x_wconf 53' lang='grc' dir='ltr'>ἑῗιέὲῗῗὲήλιῗέἓιῗιὲζάήὲιῖν..11123111Ϊέ6</span> 
     </span>
     <span class='ocr_line' id='line_1_9' title="bbox 23 988 1035 1161; baseline 0.005 -46"><span class='ocrx_word' id='word_1_57' title='bbox 23 1000 29 1161; x_wconf 43' lang='grc' dir='ltr'>ξ</span> <span class='ocrx_word' id='word_1_58' title='bbox 79 1053 127 1117; x_wconf 80' lang='grc' dir='ltr'>τὸν</span> <span class='ocrx_word' id='word_1_59' title='bbox 147 990 405 1133; x_wconf 58' lang='grc' dir='ltr'>τοῗιτονηὺπέςτη</span> <span class='ocrx_word' id='word_1_60' title='bbox 418 1057 603 1136; x_wconf 90' lang='grc' dir='ltr'>χορηγῆςαι,</span> <span class='ocrx_word' id='word_1_61' title='bbox 625 988 693 1120; x_wconf 51' lang='grc' dir='ltr'>ῌιἙν</span> <span class='ocrx_word' id='word_1_62' title='bbox 707 1052 819 1119; x_wconf 86' lang='grc' dir='ltr'>ἄλλων</span> <span class='ocrx_word' id='word_1_63' title='bbox 834 1053 1035 1134; x_wconf 80' lang='grc' dir='ltr'>λειτουργίαι</span> 
     </span>
    </p>
   </div>
   <div class='ocr_carea' id='block_1_3' title="bbox 23 1136 1077 1653">
    <p class='ocr_par' dir='ltr' id='par_1_3' title="bbox 23 1136 1067 1235">
     <span class='ocr_line' id='line_1_10' title="bbox 23 1136 1067 1235; baseline 0.002 -36"><span class='ocrx_word' id='word_1_64' title='bbox 23 1188 27 1235; x_wconf 66' lang='lat' dir='ltr'><strong>t</strong></span> <span class='ocrx_word' id='word_1_65' title='bbox 79 1136 167 1217; x_wconf 90' lang='grc' dir='ltr'>πάςης</span> <span class='ocrx_word' id='word_1_66' title='bbox 188 1138 384 1219; x_wconf 86' lang='grc' dir='ltr'>ἀφειμένων.</span> <span class='ocrx_word' id='word_1_67' title='bbox 410 1174 453 1185; x_wconf 93' lang='lat'><em>-</em></span> <span class='ocrx_word' id='word_1_68' title='bbox 485 1138 611 1219; x_wconf 85' lang='grc' dir='ltr'>ἔγραφε</span> <span class='ocrx_word' id='word_1_69' title='bbox 640 1139 676 1204; x_wconf 83' lang='grc' dir='ltr'>δὲ</span> <span class='ocrx_word' id='word_1_70' title='bbox 698 1139 750 1202; x_wconf 87' lang='grc' dir='ltr'>καὶ</span> <span class='ocrx_word' id='word_1_71' title='bbox 768 1139 969 1219; x_wconf 88' lang='grc' dir='ltr'>Δημοςθένει</span> <span class='ocrx_word' id='word_1_72' title='bbox 987 1149 1067 1205; x_wconf 70' lang='grc' dir='ltr'>τοι</span> 
     </span>
    </p>

    <p class='ocr_par' dir='ltr' id='par_1_4' title="bbox 23 1220 1077 1389">
     <span class='ocr_line' id='line_1_11' title="bbox 23 1220 1035 1304; baseline 0.004 -19"><span class='ocrx_word' id='word_1_73' title='bbox 23 1260 24 1295; x_wconf 53' lang='lat'><em>2</em></span> <span class='ocrx_word' id='word_1_74' title='bbox 81 1220 144 1300; x_wconf 83' lang='grc' dir='ltr'>μάς,</span> <span class='ocrx_word' id='word_1_75' title='bbox 170 1223 220 1288; x_wconf 87' lang='grc' dir='ltr'>καὶ</span> <span class='ocrx_word' id='word_1_76' title='bbox 251 1226 312 1288; x_wconf 84' lang='grc' dir='ltr'>τοῦ</span> <span class='ocrx_word' id='word_1_77' title='bbox 340 1223 543 1304; x_wconf 81' lang='grc' dir='ltr'>ψηφίςματος</span> <span class='ocrx_word' id='word_1_78' title='bbox 574 1223 640 1289; x_wconf 84' lang='grc' dir='ltr'>ὑπὸ</span> <span class='ocrx_word' id='word_1_79' title='bbox 673 1223 809 1289; x_wconf 81' lang='grc' dir='ltr'>Διώνδα</span> <span class='ocrx_word' id='word_1_80' title='bbox 836 1223 1035 1304; x_wconf 89' lang='grc' dir='ltr'>παρανόμων</span> 
     </span>
     <span class='ocr_line' id='line_1_12' title="bbox 80 1306 1077 1389; baseline -0.002 -16"><span class='ocrx_word' id='word_1_81' title='bbox 80 1308 248 1387; x_wconf 78' lang='grc' dir='ltr'>γραφέντα(</span> <span class='ocrx_word' id='word_1_82' title='bbox 276 1306 433 1389; x_wconf 84' lang='grc' dir='ltr'>ἀπέφυγε.</span> <span class='ocrx_word' id='word_1_83' title='bbox 461 1345 503 1355; x_wconf 89' lang='lat'>—-</span> <span class='ocrx_word' id='word_1_84' title='bbox 531 1307 628 1388; x_wconf 83' lang='grc' dir='ltr'>φίλος</span> <span class='ocrx_word' id='word_1_85' title='bbox 656 1307 685 1372; x_wconf 79' lang='grc' dir='ltr'>δ’</span> <span class='ocrx_word' id='word_1_86' title='bbox 712 1308 759 1373; x_wconf 86' lang='grc' dir='ltr'>ὢν</span> <span class='ocrx_word' id='word_1_87' title='bbox 781 1310 945 1388; x_wconf 85' lang='grc' dir='ltr'>τοῖςπερὶ</span> <span class='ocrx_word' id='word_1_88' title='bbox 966 1310 1077 1388; x_wconf 76' lang='grc' dir='ltr'>Δη-α·</span> 
     </span>
    </p>

    <p class='ocr_par' dir='ltr' id='par_1_5' title="bbox 23 1392 1035 1477">
     <span class='ocr_line' id='line_1_13' title="bbox 23 1392 1035 1477; baseline 0.004 -23"><span class='ocrx_word' id='word_1_89' title='bbox 23 1396 25 1477; x_wconf 73' lang='grc' dir='ltr'>ξ</span> <span class='ocrx_word' id='word_1_90' title='bbox 81 1392 221 1472; x_wconf 87' lang='grc' dir='ltr'>μοςθένην</span> <span class='ocrx_word' id='word_1_91' title='bbox 242 1393 297 1458; x_wconf 80' lang='grc' dir='ltr'>καὶ</span> <span class='ocrx_word' id='word_1_92' title='bbox 320 1393 496 1459; x_wconf 85' lang='grc' dir='ltr'>Ναυςικλέα</span> <span class='ocrx_word' id='word_1_93' title='bbox 518 1393 569 1458; x_wconf 79' lang='grc' dir='ltr'>καὶ</span> <span class='ocrx_word' id='word_1_94' title='bbox 590 1392 789 1476; x_wconf 82' lang='grc' dir='ltr'>Λυκοῦργον,</span> <span class='ocrx_word' id='word_1_95' title='bbox 811 1392 872 1458; x_wconf 83' lang='grc' dir='ltr'>οὐκ</span> <span class='ocrx_word' id='word_1_96' title='bbox 894 1393 1035 1474; x_wconf 86' lang='grc' dir='ltr'>ἐνέμεινε</span> 
     </span>
    </p>

    <p class='ocr_par' dir='ltr' id='par_1_6' title="bbox 23 1475 1036 1646">
     <span class='ocr_line' id='line_1_14' title="bbox 23 1475 1036 1646; baseline 0.005 -23"><span class='ocrx_word' id='word_1_97' title='bbox 23 1486 25 1551; x_wconf 75' lang='lat'><strong>÷</strong></span> <span class='ocrx_word' id='word_1_98' title='bbox 81 1475 1036 1646; x_wconf 67' lang='grc' dir='ltr'>κακίω’κλακακααωαωιια</span> 
     </span>
    </p>

    <p class='ocr_par' dir='ltr' id='par_1_7' title="bbox 23 1601 1034 1653">
     <span class='ocr_line' id='line_1_15' title="bbox 23 1601 1034 1653; baseline 0.004 0"><span class='ocrx_word' id='word_1_99' title='bbox 23 1624 25 1653; x_wconf 67' lang='grc' dir='ltr'>ι</span> <span class='ocrx_word' id='word_1_100' title='bbox 276 1611 285 1645; x_wconf 76' lang='lat'><em>7</em></span> <span class='ocrx_word' id='word_1_101' title='bbox 1021 1601 1034 1613; x_wconf 60' lang='lat'>²</span> 
     </span>
    </p>
   </div>
   <div class='ocr_carea' id='block_1_4' title="bbox 23 1759 1039 3597">
    <p class='ocr_par' dir='ltr' id='par_1_8' title="bbox 23 1759 1039 3597">
     <span class='ocr_line' id='line_1_16' title="bbox 83 1759 1035 1831; baseline 0.004 -16"><span class='ocrx_word' id='word_1_102' title='bbox 83 1759 160 1830; x_wconf 75' lang='grc' dir='ltr'>ρείδης</span> <span class='ocrx_word' id='word_1_103' title='bbox 176 1767 221 1820; x_wconf 86' lang='grc' dir='ltr'>καὶ</span> <span class='ocrx_word' id='word_1_104' title='bbox 241 1765 346 1821; x_wconf 65' lang='grc' dir='ltr'>Ἰςιάοε.</span> <span class='ocrx_word' id='word_1_105' title='bbox 375 1767 447 1819; x_wconf 79' lang='lat' dir='ltr'><strong>adde</strong></span> <span class='ocrx_word' id='word_1_106' title='bbox 463 1767 525 1818; x_wconf 74' lang='lat' dir='ltr'>Cic.</span> <span class='ocrx_word' id='word_1_107' title='bbox 545 1766 579 1817; x_wconf 81' lang='lat' dir='ltr'>de</span> <span class='ocrx_word' id='word_1_108' title='bbox 598 1782 636 1818; x_wconf 84' lang='lat' dir='ltr'>or.</span> <span class='ocrx_word' id='word_1_109' title='bbox 654 1767 691 1830; x_wconf 87' lang='grc' dir='ltr'>ΙΙ,</span> <span class='ocrx_word' id='word_1_110' title='bbox 705 1770 750 1828; x_wconf 87' lang='grc'>94;</span> <span class='ocrx_word' id='word_1_111' title='bbox 768 1767 901 1820; x_wconf 76' lang='lat' dir='ltr'><strong>Philostr.</strong></span> <span class='ocrx_word' id='word_1_112' title='bbox 919 1768 952 1818; x_wconf 88' lang='lat' dir='ltr'>V.</span> <span class='ocrx_word' id='word_1_113' title='bbox 966 1767 993 1819; x_wconf 81' lang='lat' dir='ltr'>S.</span> <span class='ocrx_word' id='word_1_114' title='bbox 1013 1769 1035 1831; x_wconf 89' lang='grc' dir='ltr'>Ι,</span> 
     </span>
     <span class='ocr_line' id='line_1_17' title="bbox 84 1832 1036 1901; baseline 0.004 -20"><span class='ocrx_word' id='word_1_115' title='bbox 84 1832 152 1896; x_wconf 81' lang='grc'>17,4;</span> <span class='ocrx_word' id='word_1_116' title='bbox 168 1835 256 1890; x_wconf 82' lang='grc' dir='ltr'>Δαοα.</span> <span class='ocrx_word' id='word_1_117' title='bbox 275 1835 308 1889; x_wconf 90' lang='lat' dir='ltr'>V.</span> <span class='ocrx_word' id='word_1_118' title='bbox 326 1835 411 1890; x_wconf 79' lang='grc' dir='ltr'>Ιαοατ,</span> <span class='ocrx_word' id='word_1_119' title='bbox 431 1834 543 1901; x_wconf 79' lang='lat' dir='ltr'>Sauppe</span> <span class='ocrx_word' id='word_1_120' title='bbox 556 1834 589 1886; x_wconf 89' lang='grc' dir='ltr'>Ο.</span> <span class='ocrx_word' id='word_1_121' title='bbox 603 1835 746 1899; x_wconf 79' lang='lat' dir='ltr'>A.11‚4b‚</span> <span class='ocrx_word' id='word_1_122' title='bbox 759 1837 801 1888; x_wconf 87' lang='grc'>24</span> <span class='ocrx_word' id='word_1_123' title='bbox 818 1861 851 1872; x_wconf 86' lang='lat'>—-</span> <span class='ocrx_word' id='word_1_124' title='bbox 868 1837 885 1897; x_wconf 65' lang='grc'><strong>9</strong></span> <span class='ocrx_word' id='word_1_125' title='bbox 902 1838 926 1887; x_wconf 89' lang='grc'>3.</span> <span class='ocrx_word' id='word_1_126' title='bbox 945 1837 1036 1901; x_wconf 79' lang='lat' dir='ltr'><strong>ipsum</strong></span> 
     </span>
     <span class='ocr_line' id='line_1_18' title="bbox 83 1897 1035 1976; baseline 0.005 -26"><span class='ocrx_word' id='word_1_127' title='bbox 83 1897 111 1976; x_wconf 76' lang='grc' dir='ltr'>ῌ.</span> <span class='ocrx_word' id='word_1_128' title='bbox 126 1904 326 1968; x_wconf 72' lang='lat' dir='ltr'><strong>expostulatum</strong></span> <span class='ocrx_word' id='word_1_129' title='bbox 339 1918 401 1954; x_wconf 77' lang='lat' dir='ltr'>osse</span> <span class='ocrx_word' id='word_1_130' title='bbox 413 1903 526 1955; x_wconf 77' lang='lat' dir='ltr'><strong>trudunt</strong></span> <span class='ocrx_word' id='word_1_131' title='bbox 538 1901 647 1973; x_wconf 67' lang='lat' dir='ltr'><strong>Anitn.</strong></span> <span class='ocrx_word' id='word_1_132' title='bbox 663 1903 688 1969; x_wconf 92' lang='grc' dir='ltr'>Ι,</span> <span class='ocrx_word' id='word_1_133' title='bbox 702 1905 743 1965; x_wconf 87' lang='grc'>10,</span> <span class='ocrx_word' id='word_1_134' title='bbox 756 1906 786 1964; x_wconf 84' lang='grc'>4;</span> <span class='ocrx_word' id='word_1_135' title='bbox 803 1903 878 1954; x_wconf 90' lang='lat' dir='ltr'><strong>Plut.</strong></span> <span class='ocrx_word' id='word_1_136' title='bbox 892 1903 976 1955; x_wconf 87' lang='lat' dir='ltr'><strong>Phoc.</strong></span> <span class='ocrx_word' id='word_1_137' title='bbox 991 1906 1035 1964; x_wconf 79' lang='lat'>173</span> 
     </span>
     <span class='ocr_line' id='line_1_19' title="bbox 84 1964 1035 2035; baseline 0.007 -20"><span class='ocrx_word' id='word_1_138' title='bbox 84 1964 144 2018; x_wconf 79' lang='lat' dir='ltr'><strong>utem</strong></span> <span class='ocrx_word' id='word_1_139' title='bbox 163 1970 236 2025; x_wconf 89' lang='lat' dir='ltr'><strong>Plut.</strong></span> <span class='ocrx_word' id='word_1_140' title='bbox 262 1971 341 2021; x_wconf 75' lang='lat' dir='ltr'><strong>Dum.</strong></span> <span class='ocrx_word' id='word_1_141' title='bbox 364 1972 398 2023; x_wconf 79' lang='grc'>23</span> <span class='ocrx_word' id='word_1_142' title='bbox 420 1974 532 2023; x_wconf 74' lang='lat' dir='ltr'><strong>secutus</strong></span> <span class='ocrx_word' id='word_1_143' title='bbox 554 1969 624 2023; x_wconf 83' lang='grc' dir='ltr'>τοὺς</span> <span class='ocrx_word' id='word_1_144' title='bbox 645 1968 796 2023; x_wconf 81' lang='grc' dir='ltr'>πλείςτους</span> <span class='ocrx_word' id='word_1_145' title='bbox 813 1971 859 2023; x_wconf 82' lang='grc' dir='ltr'>καί</span> <span class='ocrx_word' id='word_1_146' title='bbox 878 1968 1035 2035; x_wconf 87' lang='grc' dir='ltr'>δοκιμωτά-</span> 
     </span>
     <span class='ocr_line' id='line_1_20' title="bbox 23 2036 1037 2105; baseline 0.003 -17"><span class='ocrx_word' id='word_1_147' title='bbox 23 2100 24 2103; x_wconf 17' lang='grc'>,</span> <span class='ocrx_word' id='word_1_148' title='bbox 84 2045 138 2088; x_wconf 77' lang='grc' dir='ltr'>τους</span> <span class='ocrx_word' id='word_1_149' title='bbox 152 2039 211 2090; x_wconf 83' lang='grc' dir='ltr'>τῶν</span> <span class='ocrx_word' id='word_1_150' title='bbox 228 2036 419 2103; x_wconf 85' lang='grc' dir='ltr'>ςυγγραφέων</span> <span class='ocrx_word' id='word_1_151' title='bbox 437 2043 500 2090; x_wconf 79' lang='lat' dir='ltr'><strong>octo</strong></span> <span class='ocrx_word' id='word_1_152' title='bbox 519 2040 596 2091; x_wconf 76' lang='lat' dir='ltr'><strong>cives</strong></span> <span class='ocrx_word' id='word_1_153' title='bbox 614 2043 771 2101; x_wconf 79' lang='lat' dir='ltr'><strong>enumerat,</strong></span> <span class='ocrx_word' id='word_1_154' title='bbox 794 2040 871 2090; x_wconf 85' lang='lat' dir='ltr'><strong>inter</strong></span> <span class='ocrx_word' id='word_1_155' title='bbox 892 2054 960 2105; x_wconf 76' lang='lat' dir='ltr'><strong>quos</strong></span> <span class='ocrx_word' id='word_1_156' title='bbox 977 2041 1037 2103; x_wconf 85' lang='lat' dir='ltr'>Hy·</span> 
     </span>
     <span class='ocr_line' id='line_1_21' title="bbox 23 2104 1037 2171; baseline 0.005 -18"><span class='ocrx_word' id='word_1_157' title='bbox 23 2116 25 2171; x_wconf 73' lang='lat'>}</span> <span class='ocrx_word' id='word_1_158' title='bbox 85 2104 172 2164; x_wconf 74' lang='lat' dir='ltr'>peridis</span> <span class='ocrx_word' id='word_1_159' title='bbox 192 2122 295 2159; x_wconf 85' lang='lat' dir='ltr'>nomen</span> <span class='ocrx_word' id='word_1_160' title='bbox 317 2122 373 2158; x_wconf 87' lang='lat' dir='ltr'>non</span> <span class='ocrx_word' id='word_1_161' title='bbox 394 2108 521 2165; x_wconf 72' lang='lat' dir='ltr'><strong>occurrit,</strong></span> <span class='ocrx_word' id='word_1_162' title='bbox 549 2124 573 2158; x_wconf 88' lang='grc' dir='ltr'>ν.</span> <span class='ocrx_word' id='word_1_163' title='bbox 592 2105 727 2158; x_wconf 81' lang='lat' dir='ltr'><strong>Schaefer</strong></span> <span class='ocrx_word' id='word_1_164' title='bbox 743 2108 822 2156; x_wconf 87' lang='lat' dir='ltr'><strong>Dem.</strong></span> <span class='ocrx_word' id='word_1_165' title='bbox 840 2106 898 2170; x_wconf 87' lang='lat'>111,</span> <span class='ocrx_word' id='word_1_166' title='bbox 918 2109 976 2160; x_wconf 75' lang='grc'>127.</span> <span class='ocrx_word' id='word_1_167' title='bbox 1003 2139 1037 2148; x_wconf 94' lang='grc'>-</span> 
     </span>
     <span class='ocr_line' id='line_1_22' title="bbox 82 2167 1037 2237; baseline 0.005 -18"><span class='ocrx_word' id='word_1_168' title='bbox 82 2167 112 2219; x_wconf 72' lang='grc' dir='ltr'>αα</span> <span class='ocrx_word' id='word_1_169' title='bbox 126 2174 239 2227; x_wconf 75' lang='lat' dir='ltr'><strong>navibus</strong></span> <span class='ocrx_word' id='word_1_170' title='bbox 258 2175 295 2225; x_wconf 80' lang='lat' dir='ltr'>cf.</span> <span class='ocrx_word' id='word_1_171' title='bbox 313 2175 388 2225; x_wconf 88' lang='lat' dir='ltr'><strong>Plut.</strong></span> <span class='ocrx_word' id='word_1_172' title='bbox 406 2175 490 2228; x_wconf 83' lang='lat' dir='ltr'>Phoc.</span> <span class='ocrx_word' id='word_1_173' title='bbox 503 2174 550 2233; x_wconf 85' lang='grc'>21;</span> <span class='ocrx_word' id='word_1_174' title='bbox 568 2175 602 2227; x_wconf 93' lang='lat' dir='ltr'>V.</span> <span class='ocrx_word' id='word_1_175' title='bbox 620 2175 647 2224; x_wconf 84' lang='lat' dir='ltr'>X</span> <span class='ocrx_word' id='word_1_176' title='bbox 665 2191 703 2229; x_wconf 86' lang='lat' dir='ltr'>or.</span> <span class='ocrx_word' id='word_1_177' title='bbox 722 2175 801 2224; x_wconf 83' lang='lat' dir='ltr'><strong>Dem.</strong></span> <span class='ocrx_word' id='word_1_178' title='bbox 818 2175 901 2225; x_wconf 77' lang='lat'>8470</span> <span class='ocrx_word' id='word_1_179' title='bbox 922 2173 1037 2237; x_wconf 75' lang='lat' dir='ltr'><strong>(Sohae-</strong></span> 
     </span>
     <span class='ocr_line' id='line_1_23' title="bbox 86 2235 1035 2309; baseline 0.011 -24"><span class='ocrx_word' id='word_1_180' title='bbox 86 2235 151 2302; x_wconf 61' lang='lat' dir='ltr'><strong>tert.</strong></span> <span class='ocrx_word' id='word_1_181' title='bbox 168 2258 189 2292; x_wconf 82' lang='lat'>0.</span> <span class='ocrx_word' id='word_1_182' title='bbox 206 2259 236 2309; x_wconf 90' lang='lat' dir='ltr'>p.</span> <span class='ocrx_word' id='word_1_183' title='bbox 251 2241 321 2304; x_wconf 81' lang='grc'><strong>161).</strong></span> <span class='ocrx_word' id='word_1_184' title='bbox 349 2242 383 2292; x_wconf 85' lang='lat' dir='ltr'>de</span> <span class='ocrx_word' id='word_1_185' title='bbox 396 2241 525 2294; x_wconf 70' lang='lat' dir='ltr'><strong>ouantis</strong></span> <span class='ocrx_word' id='word_1_186' title='bbox 543 2242 725 2293; x_wconf 76' lang='lat' dir='ltr'><strong>mercenariis</strong></span> <span class='ocrx_word' id='word_1_187' title='bbox 744 2241 880 2293; x_wconf 79' lang='lat' dir='ltr'><strong>Schaefer</strong></span> <span class='ocrx_word' id='word_1_188' title='bbox 898 2257 924 2306; x_wconf 89' lang='lat' dir='ltr'>p.</span> <span class='ocrx_word' id='word_1_189' title='bbox 937 2241 996 2304; x_wconf 77' lang='grc'>280,</span> <span class='ocrx_word' id='word_1_190' title='bbox 1011 2243 1035 2295; x_wconf 94' lang='grc'>1.</span> 
     </span>
     <span class='ocr_line' id='line_1_24' title="bbox 84 2307 1036 2376; baseline 0.001 -17"><span class='ocrx_word' id='word_1_191' title='bbox 84 2307 312 2367; x_wconf 67' lang='grc' dir='ltr'>-ἓ4Τ1τυοο1,</span> <span class='ocrx_word' id='word_1_192' title='bbox 332 2325 459 2376; x_wconf 84' lang='grc' dir='ltr'>αοια.ιιρ.</span> <span class='ocrx_word' id='word_1_193' title='bbox 479 2310 542 2360; x_wconf 72' lang='grc' dir='ltr'>Αδδ.</span> <span class='ocrx_word' id='word_1_194' title='bbox 560 2310 638 2373; x_wconf 89' lang='lat' dir='ltr'>VIII,</span> <span class='ocrx_word' id='word_1_195' title='bbox 656 2311 707 2360; x_wconf 88' lang='grc'>242</span> <span class='ocrx_word' id='word_1_196' title='bbox 725 2309 761 2372; x_wconf 85' lang='lat' dir='ltr'>A;</span> <span class='ocrx_word' id='word_1_197' title='bbox 781 2323 806 2360; x_wconf 87' lang='grc' dir='ltr'>ν.</span> <span class='ocrx_word' id='word_1_198' title='bbox 825 2309 909 2362; x_wconf 78' lang='lat' dir='ltr'><strong>infra.</strong></span> <span class='ocrx_word' id='word_1_199' title='bbox 927 2334 960 2346; x_wconf 90' lang='lat'>·-·</span> <span class='ocrx_word' id='word_1_200' title='bbox 978 2310 993 2370; x_wconf 69' lang='grc' dir='ltr'><strong>ἕ</strong></span> <span class='ocrx_word' id='word_1_201' title='bbox 1012 2312 1036 2361; x_wconf 84' lang='grc' dir='ltr'>δ.</span> 
     </span>
     <span class='ocr_line' id='line_1_25' title="bbox 84 2369 1036 2443; baseline 0.009 -23"><span class='ocrx_word' id='word_1_202' title='bbox 84 2369 173 2427; x_wconf 71' lang='lat' dir='ltr'><strong>vit-X</strong></span> <span class='ocrx_word' id='word_1_203' title='bbox 195 2395 235 2430; x_wconf 89' lang='lat' dir='ltr'>or.</span> <span class='ocrx_word' id='word_1_204' title='bbox 258 2378 339 2429; x_wconf 77' lang='lat' dir='ltr'><strong>Dem.</strong></span> <span class='ocrx_word' id='word_1_205' title='bbox 360 2379 410 2430; x_wconf 78' lang='lat'>847</span> <span class='ocrx_word' id='word_1_206' title='bbox 432 2379 471 2429; x_wconf 76' lang='lat' dir='ltr'>Fz</span> <span class='ocrx_word' id='word_1_207' title='bbox 495 2375 577 2441; x_wconf 82' lang='grc' dir='ltr'>ἔλαβε</span> <span class='ocrx_word' id='word_1_208' title='bbox 602 2374 699 2441; x_wconf 88' lang='grc' dir='ltr'>(Δημ.)</span> <span class='ocrx_word' id='word_1_209' title='bbox 727 2376 774 2427; x_wconf 85' lang='grc' dir='ltr'>καὶ</span> <span class='ocrx_word' id='word_1_210' title='bbox 796 2375 863 2443; x_wconf 89' lang='grc' dir='ltr'>παρ’</span> <span class='ocrx_word' id='word_1_211' title='bbox 887 2372 1036 2441; x_wconf 83' lang='grc' dir='ltr'>Ἐφιάλτου</span> 
     </span>
     <span class='ocr_line' id='line_1_26' title="bbox 23 2439 1037 2510; baseline 0.001 -15"><span class='ocrx_word' id='word_1_212' title='bbox 23 2492 25 2495; x_wconf 82' lang='grc'>,</span> <span class='ocrx_word' id='word_1_213' title='bbox 85 2439 191 2508; x_wconf 79' lang='grc' dir='ltr'>χανάον,</span> <span class='ocrx_word' id='word_1_214' title='bbox 214 2445 282 2497; x_wconf 87' lang='grc' dir='ltr'>ἑνὸς</span> <span class='ocrx_word' id='word_1_215' title='bbox 298 2447 360 2496; x_wconf 82' lang='grc' dir='ltr'>τῶν</span> <span class='ocrx_word' id='word_1_216' title='bbox 376 2445 571 2510; x_wconf 76' lang='grc' dir='ltr'>δημαγωγῶν,</span> <span class='ocrx_word' id='word_1_217' title='bbox 595 2443 628 2497; x_wconf 86' lang='grc' dir='ltr'>ὃς</span> <span class='ocrx_word' id='word_1_218' title='bbox 645 2443 816 2509; x_wconf 86' lang='grc' dir='ltr'>πρεςβεάςας</span> <span class='ocrx_word' id='word_1_219' title='bbox 833 2444 906 2509; x_wconf 84' lang='grc' dir='ltr'>πρὸς</span> <span class='ocrx_word' id='word_1_220' title='bbox 925 2443 1037 2508; x_wconf 83' lang='grc' dir='ltr'>βαςιλέα</span> 
     </span>
     <span class='ocr_line' id='line_1_27' title="bbox 81 2505 1037 2632; baseline -0.006 -63"><span class='ocrx_word' id='word_1_221' title='bbox 81 2505 195 2574; x_wconf 70' lang='grc' dir='ltr'>’Χρήματα</span> <span class='ocrx_word' id='word_1_222' title='bbox 210 2512 266 2578; x_wconf 82' lang='grc' dir='ltr'>ἧκε</span> <span class='ocrx_word' id='word_1_223' title='bbox 285 2511 383 2578; x_wconf 81' lang='grc' dir='ltr'>φέρων</span> <span class='ocrx_word' id='word_1_224' title='bbox 393 2512 498 2632; x_wconf 45' lang='grc' dir='ltr'>βλάθὲηι,</span> <span class='ocrx_word' id='word_1_225' title='bbox 517 2512 598 2565; x_wconf 82' lang='grc' dir='ltr'>ὅπως</span> <span class='ocrx_word' id='word_1_226' title='bbox 616 2510 758 2577; x_wconf 85' lang='grc' dir='ltr'>διανείμας</span> <span class='ocrx_word' id='word_1_227' title='bbox 781 2515 840 2565; x_wconf 81' lang='grc' dir='ltr'>τοῖς</span> <span class='ocrx_word' id='word_1_228' title='bbox 858 2512 1037 2578; x_wconf 76' lang='grc' dir='ltr'>δημαγωγοῖς</span> 
     </span>
     <span class='ocr_line' id='line_1_28' title="bbox 85 2573 1037 2647; baseline -0.001 -16"><span class='ocrx_word' id='word_1_229' title='bbox 85 2573 127 2626; x_wconf 74' lang='grc' dir='ltr'>τὸν</span> <span class='ocrx_word' id='word_1_230' title='bbox 148 2580 219 2645; x_wconf 89' lang='grc' dir='ltr'>πρὸς</span> <span class='ocrx_word' id='word_1_231' title='bbox 247 2579 391 2634; x_wconf 74' lang='grc' dir='ltr'>Φίλιππον</span> <span class='ocrx_word' id='word_1_232' title='bbox 418 2581 445 2634; x_wconf 79' lang='grc' dir='ltr'>ἐξ</span> <span class='ocrx_word' id='word_1_233' title='bbox 465 2596 507 2647; x_wconf 89' lang='grc' dir='ltr'>ψη</span> <span class='ocrx_word' id='word_1_234' title='bbox 539 2579 674 2645; x_wconf 87' lang='grc' dir='ltr'>πόλεμον.</span> <span class='ocrx_word' id='word_1_235' title='bbox 710 2581 822 2632; x_wconf 79' lang='lat' dir='ltr'><strong>Schaef.</strong></span> <span class='ocrx_word' id='word_1_236' title='bbox 848 2581 891 2645; x_wconf 90' lang='grc' dir='ltr'>ΙΙ,</span> <span class='ocrx_word' id='word_1_237' title='bbox 918 2583 977 2631; x_wconf 82' lang='grc'>451.</span> <span class='ocrx_word' id='word_1_238' title='bbox 1004 2607 1037 2617; x_wconf 91' lang='lat'><em>-</em></span> 
     </span>
     <span class='ocr_line' id='line_1_29' title="bbox 87 2640 1037 2712; baseline -0.005 -9"><span class='ocrx_word' id='word_1_239' title='bbox 87 2640 132 2703; x_wconf 76' lang='lat' dir='ltr'>tt.</span> <span class='ocrx_word' id='word_1_240' title='bbox 152 2647 218 2700; x_wconf 80' lang='lat' dir='ltr'><strong>Tub.</strong></span> <span class='ocrx_word' id='word_1_241' title='bbox 237 2665 302 2703; x_wconf 79' lang='lat' dir='ltr'>nav.</span> <span class='ocrx_word' id='word_1_242' title='bbox 321 2648 411 2702; x_wconf 77' lang='lat' dir='ltr'>xmo</span> <span class='ocrx_word' id='word_1_243' title='bbox 427 2651 461 2701; x_wconf 84' lang='grc'>98</span> <span class='ocrx_word' id='word_1_244' title='bbox 478 2670 512 2691; x_wconf 84' lang='lat'><em>=</em></span> <span class='ocrx_word' id='word_1_245' title='bbox 529 2649 619 2700; x_wconf 86' lang='lat' dir='ltr'>XIVd</span> <span class='ocrx_word' id='word_1_246' title='bbox 636 2651 699 2700; x_wconf 84' lang='grc' dir='ltr'>24οτ</span> <span class='ocrx_word' id='word_1_247' title='bbox 722 2647 769 2700; x_wconf 81' lang='grc' dir='ltr'>ἐπὶ</span> <span class='ocrx_word' id='word_1_248' title='bbox 785 2647 972 2712; x_wconf 73' lang='grc' dir='ltr'>,Θεοφράςτου</span> <span class='ocrx_word' id='word_1_249' title='bbox 990 2645 1037 2712; x_wconf 69' lang='lat' dir='ltr'>dp·</span> 
     </span>
     <span class='ocr_line' id='line_1_30' title="bbox 23 2714 1038 2827; baseline 0.004 -64"><span class='ocrx_word' id='word_1_250' title='bbox 23 2720 24 2723; x_wconf 74' lang='grc'>’</span> <span class='ocrx_word' id='word_1_251' title='bbox 85 2721 172 2827; x_wconf 47' lang='lat' dir='ltr'><strong>{tuuc</strong></span> <span class='ocrx_word' id='word_1_252' title='bbox 191 2718 256 2768; x_wconf 81' lang='grc' dir='ltr'>τῶν</span> <span class='ocrx_word' id='word_1_253' title='bbox 279 2715 349 2779; x_wconf 91' lang='grc' dir='ltr'>μετὰ</span> <span class='ocrx_word' id='word_1_254' title='bbox 372 2714 529 2770; x_wconf 83' lang='grc' dir='ltr'>Φωκίωνος</span> <span class='ocrx_word' id='word_1_255' title='bbox 552 2716 599 2768; x_wconf 81' lang='grc' dir='ltr'>καὶ</span> <span class='ocrx_word' id='word_1_256' title='bbox 623 2714 847 2781; x_wconf 86' lang='grc' dir='ltr'>Κηφιςοφάιντυς</span> <span class='ocrx_word' id='word_1_257' title='bbox 869 2716 1038 2768; x_wconf 72' lang='grc' dir='ltr'>πλευςαςάδν</span> 
     </span>
     <span class='ocr_line' id='line_1_31' title="bbox 23 2779 1037 2851; baseline 0.007 -21"><span class='ocrx_word' id='word_1_258' title='bbox 23 2784 25 2795; x_wconf 81' lang='grc'>’</span> <span class='ocrx_word' id='word_1_259' title='bbox 96 2779 226 2847; x_wconf 87' lang='grc' dir='ltr'>πιδάςιμος</span> <span class='ocrx_word' id='word_1_260' title='bbox 244 2783 361 2851; x_wconf 84' lang='grc' dir='ltr'>τριήρης</span> <span class='ocrx_word' id='word_1_261' title='bbox 379 2782 552 2850; x_wconf 81' lang='grc' dir='ltr'>Ἀνδρεία-</span> <span class='ocrx_word' id='word_1_262' title='bbox 562 2782 732 2849; x_wconf 86' lang='grc' dir='ltr'>τριήραρχος</span> <span class='ocrx_word' id='word_1_263' title='bbox 745 2782 808 2835; x_wconf 86' lang='grc' dir='ltr'>Ὑπ.</span> <span class='ocrx_word' id='word_1_264' title='bbox 824 2782 841 2835; x_wconf 84' lang='grc' dir='ltr'>Γ</span> <span class='ocrx_word' id='word_1_265' title='bbox 842 2784 866 2834; x_wconf 92' lang='grc' dir='ltr'>λ.</span> <span class='ocrx_word' id='word_1_266' title='bbox 879 2783 909 2835; x_wconf 88' lang='grc' dir='ltr'>Κ.</span> <span class='ocrx_word' id='word_1_267' title='bbox 926 2784 1037 2837; x_wconf 78' lang='lat' dir='ltr'><strong>Schaef.</strong></span> 
     </span>
     <span class='ocr_line' id='line_1_32' title="bbox 23 2843 1037 2918; baseline -0.001 -15"><span class='ocrx_word' id='word_1_268' title='bbox 23 2864 25 2887; x_wconf 69' lang='lat'>³</span> <span class='ocrx_word' id='word_1_269' title='bbox 80 2843 181 2905; x_wconf 62' lang='grc'>114811.</span> <span class='ocrx_word' id='word_1_270' title='bbox 207 2879 243 2889; x_wconf 89' lang='lat'>-—</span> <span class='ocrx_word' id='word_1_271' title='bbox 263 2855 279 2914; x_wconf 66' lang='grc' dir='ltr'><strong>ξ</strong></span> <span class='ocrx_word' id='word_1_272' title='bbox 296 2857 322 2904; x_wconf 79' lang='grc'>7.</span> <span class='ocrx_word' id='word_1_273' title='bbox 340 2853 472 2903; x_wconf 79' lang='lat' dir='ltr'>Dem..de</span> <span class='ocrx_word' id='word_1_274' title='bbox 492 2868 585 2904; x_wconf 79' lang='lat' dir='ltr'><strong>coron.</strong></span> <span class='ocrx_word' id='word_1_275' title='bbox 603 2855 654 2902; x_wconf 78' lang='grc'>222</span> <span class='ocrx_word' id='word_1_276' title='bbox 672 2868 727 2918; x_wconf 74' lang='grc' dir='ltr'>οηι</span> <span class='ocrx_word' id='word_1_277' title='bbox 747 2849 952 2916; x_wconf 84' lang='grc' dir='ltr'>ἐςτεφανώθην</span> <span class='ocrx_word' id='word_1_278' title='bbox 969 2849 1037 2902; x_wconf 81' lang='grc' dir='ltr'>-ὁ</span> 
     </span>
     <span class='ocr_line' id='line_1_33' title="bbox 84 2910 1038 2985; baseline -0.001 -14"><span class='ocrx_word' id='word_1_279' title='bbox 84 2910 295 2984; x_wconf 74' lang='grc' dir='ltr'>δὲγραψάμενος</span> <span class='ocrx_word' id='word_1_280' title='bbox 306 2919 438 2974; x_wconf 83' lang='grc' dir='ltr'>Διώνδας</span> <span class='ocrx_word' id='word_1_281' title='bbox 451 2919 486 2972; x_wconf 91' lang='grc' dir='ltr'>τδ</span> <span class='ocrx_word' id='word_1_282' title='bbox 501 2919 585 2985; x_wconf 85' lang='grc' dir='ltr'>μέρος</span> <span class='ocrx_word' id='word_1_283' title='bbox 599 2922 661 2971; x_wconf 83' lang='grc' dir='ltr'>τῶν</span> <span class='ocrx_word' id='word_1_284' title='bbox 679 2918 790 2983; x_wconf 87' lang='grc' dir='ltr'>ψήφων</span> <span class='ocrx_word' id='word_1_285' title='bbox 807 2917 860 2971; x_wconf 89' lang='grc' dir='ltr'>οὐκ</span> <span class='ocrx_word' id='word_1_286' title='bbox 878 2917 987 2982; x_wconf 78' lang='grc' dir='ltr'>ἔλαβεν.</span> <span class='ocrx_word' id='word_1_287' title='bbox 1005 2945 1038 2954; x_wconf 96' lang='grc'><strong>-</strong></span> 
     </span>
     <span class='ocr_line' id='line_1_34' title="bbox 85 2979 1038 3054; baseline 0.007 -24"><span class='ocrx_word' id='word_1_288' title='bbox 85 2979 163 3037; x_wconf 81' lang='grc' dir='ltr'>καίτοι</span> <span class='ocrx_word' id='word_1_289' title='bbox 182 2987 253 3040; x_wconf 77' lang='grc' dir='ltr'>τότε</span> <span class='ocrx_word' id='word_1_290' title='bbox 272 2986 327 3040; x_wconf 86' lang='grc' dir='ltr'>τὸν</span> <span class='ocrx_word' id='word_1_291' title='bbox 347 2987 519 3054; x_wconf 85' lang='grc' dir='ltr'>Δημομέλην</span> <span class='ocrx_word' id='word_1_292' title='bbox 544 2986 599 3041; x_wconf 86' lang='grc' dir='ltr'>τὸν</span> <span class='ocrx_word' id='word_1_293' title='bbox 624 2989 716 3039; x_wconf 78' lang='grc' dir='ltr'>ταῦτα</span> <span class='ocrx_word' id='word_1_294' title='bbox 742 2985 891 3051; x_wconf 90' lang='grc' dir='ltr'>γράφοντα</span> <span class='ocrx_word' id='word_1_295' title='bbox 916 2984 1038 3039; x_wconf 79' lang='grc' dir='ltr'>καὶτὸν</span> 
     </span>
     <span class='ocr_line' id='line_1_35' title="bbox 23 3044 1037 3121; baseline 0.005 -20"><span class='ocrx_word' id='word_1_296' title='bbox 23 3096 24 3115; x_wconf 25' lang='grc' dir='ltr'>γ</span> <span class='ocrx_word' id='word_1_297' title='bbox 85 3044 236 3121; x_wconf 74' lang='grc' dir='ltr'>Ὑπερείδην</span> <span class='ocrx_word' id='word_1_298' title='bbox 252 3055 311 3108; x_wconf 85' lang='grc' dir='ltr'>κτὲ.</span> <span class='ocrx_word' id='word_1_299' title='bbox 338 3088 372 3098; x_wconf 90' lang='lat'>--</span> <span class='ocrx_word' id='word_1_300' title='bbox 398 3057 453 3107; x_wconf 76' lang='lat' dir='ltr'><strong>vit,</strong></span> <span class='ocrx_word' id='word_1_301' title='bbox 473 3057 498 3105; x_wconf 87' lang='lat' dir='ltr'>X</span> <span class='ocrx_word' id='word_1_302' title='bbox 516 3073 555 3107; x_wconf 85' lang='lat' dir='ltr'>or.</span> <span class='ocrx_word' id='word_1_303' title='bbox 574 3056 668 3108; x_wconf 83' lang='lat' dir='ltr'><strong>846A:</strong></span> <span class='ocrx_word' id='word_1_304' title='bbox 688 3053 824 3106; x_wconf 90' lang='grc' dir='ltr'>πολλάκις</span> <span class='ocrx_word' id='word_1_305' title='bbox 841 3052 1037 3119; x_wconf 82' lang='grc' dir='ltr'>ἐςτεφανώθη,</span> 
     </span>
     <span class='ocr_line' id='line_1_36' title="bbox 23 3116 1037 3188; baseline -0.004 -9"><span class='ocrx_word' id='word_1_306' title='bbox 23 3120 25 3179; x_wconf 74' lang='grc' dir='ltr'><strong>ἓ</strong></span> <span class='ocrx_word' id='word_1_307' title='bbox 84 3116 211 3186; x_wconf 63' lang='grc' dir='ltr'>πρότερον</span> <span class='ocrx_word' id='word_1_308' title='bbox 221 3122 271 3187; x_wconf 87' lang='grc' dir='ltr'>μὲν</span> <span class='ocrx_word' id='word_1_309' title='bbox 281 3121 339 3175; x_wconf 83' lang='grc' dir='ltr'>ὑπὸ</span> <span class='ocrx_word' id='word_1_310' title='bbox 350 3121 547 3188; x_wconf 81' lang='grc' dir='ltr'>Δημομέλους,</span> <span class='ocrx_word' id='word_1_311' title='bbox 558 3120 757 3188; x_wconf 77' lang='grc' dir='ltr'>Ἀριςτονίκου,</span> <span class='ocrx_word' id='word_1_312' title='bbox 770 3120 935 3187; x_wconf 80' lang='grc' dir='ltr'>Ὑπερείδου</span> <span class='ocrx_word' id='word_1_313' title='bbox 944 3125 1037 3188; x_wconf 81' lang='grc' dir='ltr'>γρυςῷ</span> 
     </span>
     <span class='ocr_line' id='line_1_37' title="bbox 86 3187 1039 3254; baseline -0.002 -14"><span class='ocrx_word' id='word_1_314' title='bbox 86 3187 201 3254; x_wconf 75' lang='grc' dir='ltr'>(τεφάνιμ</span> <span class='ocrx_word' id='word_1_315' title='bbox 220 3190 278 3244; x_wconf 88' lang='grc' dir='ltr'>κτὲ.</span> <span class='ocrx_word' id='word_1_316' title='bbox 302 3224 336 3235; x_wconf 91' lang='lat'><em>-</em></span> <span class='ocrx_word' id='word_1_317' title='bbox 358 3193 374 3253; x_wconf 64' lang='lat'>5</span> <span class='ocrx_word' id='word_1_318' title='bbox 391 3196 416 3244; x_wconf 89' lang='lat'>8.</span> <span class='ocrx_word' id='word_1_319' title='bbox 443 3190 571 3245; x_wconf 84' lang='grc' dir='ltr'>Ναυτικλ.</span> <span class='ocrx_word' id='word_1_320' title='bbox 591 3208 641 3244; x_wconf 83' lang='lat' dir='ltr'>em.</span> <span class='ocrx_word' id='word_1_321' title='bbox 662 3191 774 3244; x_wconf 78' lang='lat' dir='ltr'><strong>Schaef.</strong></span> <span class='ocrx_word' id='word_1_322' title='bbox 792 3192 829 3254; x_wconf 87' lang='grc' dir='ltr'>ΙΙ,</span> <span class='ocrx_word' id='word_1_323' title='bbox 848 3194 907 3253; x_wconf 83' lang='grc'>310,</span> <span class='ocrx_word' id='word_1_324' title='bbox 927 3195 956 3254; x_wconf 74' lang='grc' dir='ltr'>δς</span> <span class='ocrx_word' id='word_1_325' title='bbox 973 3191 1039 3243; x_wconf 85' lang='lat' dir='ltr'><strong>libri</strong></span> 
     </span>
     <span class='ocr_line' id='line_1_38' title="bbox 85 3249 1037 3325; baseline 0.007 -24"><span class='ocrx_word' id='word_1_326' title='bbox 85 3249 204 3310; x_wconf 85' lang='grc' dir='ltr'>Λυςικλέα</span> <span class='ocrx_word' id='word_1_327' title='bbox 222 3267 250 3310; x_wconf 80' lang='lat' dir='ltr'>et</span> <span class='ocrx_word' id='word_1_328' title='bbox 267 3258 412 3325; x_wconf 87' lang='grc' dir='ltr'>Λυςικλής.</span> <span class='ocrx_word' id='word_1_329' title='bbox 444 3261 479 3311; x_wconf 82' lang='lat' dir='ltr'>cf.</span> <span class='ocrx_word' id='word_1_330' title='bbox 498 3262 532 3312; x_wconf 90' lang='lat' dir='ltr'>V.</span> <span class='ocrx_word' id='word_1_331' title='bbox 550 3261 576 3310; x_wconf 84' lang='lat' dir='ltr'>X</span> <span class='ocrx_word' id='word_1_332' title='bbox 589 3275 628 3311; x_wconf 88' lang='lat' dir='ltr'>or.</span> <span class='ocrx_word' id='word_1_333' title='bbox 640 3259 719 3309; x_wconf 88' lang='lat' dir='ltr'><strong>Dem.</strong></span> <span class='ocrx_word' id='word_1_334' title='bbox 737 3261 788 3310; x_wconf 87' lang='grc'>844</span> <span class='ocrx_word' id='word_1_335' title='bbox 799 3260 836 3308; x_wconf 82' lang='lat' dir='ltr'>F:</span> <span class='ocrx_word' id='word_1_336' title='bbox 855 3257 957 3325; x_wconf 83' lang='grc' dir='ltr'>(Δημ.)</span> <span class='ocrx_word' id='word_1_337' title='bbox 975 3270 1037 3319; x_wconf 88' lang='grc' dir='ltr'>ςυμ-</span> 
     </span>
     <span class='ocr_line' id='line_1_39' title="bbox 85 3322 1039 3394; baseline 0.003 -26"><span class='ocrx_word' id='word_1_338' title='bbox 85 3322 290 3391; x_wconf 85' lang='grc' dir='ltr'>πολιτευάμενος</span> <span class='ocrx_word' id='word_1_339' title='bbox 315 3325 466 3394; x_wconf 65' lang='grc' dir='ltr'>γὙπερείδῃ</span> <span class='ocrx_word' id='word_1_340' title='bbox 495 3326 643 3379; x_wconf 86' lang='grc' dir='ltr'>Ναυςιιςλεῖ</span> <span class='ocrx_word' id='word_1_341' title='bbox 674 3324 858 3390; x_wconf 83' lang='grc' dir='ltr'>Πολυεύκτῳ.</span> <span class='ocrx_word' id='word_1_342' title='bbox 892 3325 1039 3376; x_wconf 80' lang='lat' dir='ltr'><strong>Perfidiam</strong></span> 
     </span>
     <span class='ocr_line' id='line_1_40' title="bbox 86 3383 1039 3462; baseline -0.002 -20"><span class='ocrx_word' id='word_1_343' title='bbox 86 3383 220 3459; x_wconf 78' lang='lat' dir='ltr'><strong>Hyperidis</strong></span> <span class='ocrx_word' id='word_1_344' title='bbox 242 3397 345 3449; x_wconf 73' lang='lat' dir='ltr'>acerbe</span> <span class='ocrx_word' id='word_1_345' title='bbox 366 3398 495 3462; x_wconf 78' lang='lat' dir='ltr'><strong>exagitat</strong></span> <span class='ocrx_word' id='word_1_346' title='bbox 512 3396 631 3449; x_wconf 78' lang='lat' dir='ltr'><strong>Lucian.</strong></span> <span class='ocrx_word' id='word_1_347' title='bbox 650 3396 719 3445; x_wconf 81' lang='lat' dir='ltr'><strong>Ene.</strong></span> <span class='ocrx_word' id='word_1_348' title='bbox 737 3394 817 3448; x_wconf 87' lang='lat' dir='ltr'><strong>Dem.</strong></span> <span class='ocrx_word' id='word_1_349' title='bbox 836 3396 882 3444; x_wconf 88' lang='lat'>31:</span> <span class='ocrx_word' id='word_1_350' title='bbox 905 3391 959 3442; x_wconf 87' lang='grc' dir='ltr'>τὸν</span> <span class='ocrx_word' id='word_1_351' title='bbox 977 3387 1039 3441; x_wconf 80' lang='grc' dir='ltr'>άπι-</span> 
     </span>
     <span class='ocr_line' id='line_1_41' title="bbox 86 3454 1038 3530; baseline 0.003 -27"><span class='ocrx_word' id='word_1_352' title='bbox 86 3464 142 3509; x_wconf 88' lang='grc' dir='ltr'>ςτον</span> <span class='ocrx_word' id='word_1_353' title='bbox 159 3458 227 3523; x_wconf 77' lang='grc' dir='ltr'>Ὑπα,</span> <span class='ocrx_word' id='word_1_354' title='bbox 244 3461 299 3516; x_wconf 85' lang='grc' dir='ltr'>τὸν</span> <span class='ocrx_word' id='word_1_355' title='bbox 317 3461 421 3528; x_wconf 85' lang='grc' dir='ltr'>άφιλον</span> <span class='ocrx_word' id='word_1_356' title='bbox 439 3461 633 3530; x_wconf 86' lang='grc' dir='ltr'>δημοκόλακα,</span> <span class='ocrx_word' id='word_1_357' title='bbox 657 3461 710 3513; x_wconf 86' lang='grc' dir='ltr'>τὸν</span> <span class='ocrx_word' id='word_1_358' title='bbox 729 3459 812 3512; x_wconf 81' lang='grc' dir='ltr'>οὐδὲν</span> <span class='ocrx_word' id='word_1_359' title='bbox 830 3457 945 3522; x_wconf 83' lang='grc' dir='ltr'>αἰςχρδν</span> <span class='ocrx_word' id='word_1_360' title='bbox 961 3454 1038 3520; x_wconf 83' lang='grc' dir='ltr'>νομί-</span> 
     </span>
     <span class='ocr_line' id='line_1_42' title="bbox 88 3523 1039 3597; baseline -0.003 -20"><span class='ocrx_word' id='word_1_361' title='bbox 88 3533 161 3579; x_wconf 72' lang='grc' dir='ltr'>(αντα</span> <span class='ocrx_word' id='word_1_362' title='bbox 180 3528 311 3597; x_wconf 76' lang='grc' dir='ltr'>κολακείᾳ</span> <span class='ocrx_word' id='word_1_363' title='bbox 330 3534 384 3583; x_wconf 79' lang='grc' dir='ltr'>τοῦ</span> <span class='ocrx_word' id='word_1_364' title='bbox 407 3530 535 3595; x_wconf 87' lang='grc' dir='ltr'>πλήθους</span> <span class='ocrx_word' id='word_1_365' title='bbox 557 3530 766 3593; x_wconf 87' lang='grc' dir='ltr'>ςυκοφαντήςαι</span> <span class='ocrx_word' id='word_1_366' title='bbox 788 3523 982 3590; x_wconf 84' lang='grc' dir='ltr'>Δημοςθένην.</span> <span class='ocrx_word' id='word_1_367' title='bbox 1005 3548 1039 3558; x_wconf 52' lang='grc' dir='ltr'>ν-</span> 
     </span>
    </p>
   </div>
   <div class='ocr_carea' id='block_1_5' title="bbox 0 0 1249 3942">
    <p class='ocr_par' dir='ltr' id='par_1_9' title="bbox 0 0 1249 3942">
     <span class='ocr_line' id='line_1_43' title="bbox 0 0 1249 3942; baseline 0 0"><span class='ocrx_word' id='word_1_368' title='bbox 0 0 1249 3942; x_wconf 95' lang='lat' dir='ltr'> </span> 
     </span>
    </p>
   </div>
  </div>
 </body>
</html>
