2467 3942
212 159 255 224 80
542 155 840 211 ΑιιοςΠΑςιιΑτιΑ.
883 178 888 185 ,

161 343 212 388 ιιιιι
323 325 401 391 xv.
440 327 539 392 κατι
566 326 778 392 ΔΗΜΑΔον
805 298 1076 392 ΠΑΡΑΝοΜοΝ.

299 443 618 530 Of.Suid.1,1p.
644 442 736 523 1241,
762 442 801 506 18
825 453 857 507 et
878 441 950 523 2,2
971 465 1005 531 p.
1027 438 1174 524 452‚10;

213 527 300 594 Plut.
322 527 436 594 moral.
459 553 491 614 p.
515 528 579 594 810
600 528 644 592 D.

173 614 210 695 ωι
299 630 351 695 79.
373 627 413 694 “A
438 630 502 715 μὲν
528 626 594 712 γὰρ
622 619 722 704 οὗτος
750 628 997 713 είςιιεαόμιιιεν,
1026 627 1090 694 οόιι
1116 630 1175 711 ἔχει

212 713 271 790 τὰς
292 713 433 800 ἀληθείς
461 715 569 789 αἰτίας
595 716 654 798 τῆς
676 711 869 798 προξενίας·
901 709 968 816 ίροδ
998 712 1051 794 δὲ,
1080 714 1112 777 εἰ
1130 713 1178 782 δεῖ.

211 799 379 884 πρόξενον
401 797 499 882 ὑμῶν
521 795 627 864 αὐτόν
648 798 822 880 γενέσθαι,
845 794 886 861 δι’
909 796 932 861 α’
953 797 1080 865 τούτου
1101 796 1175 863 τεό-

212 885 303 962 ξεται
323 883 457 967 γράψας
479 882 632 967 είςφέρω.
662 883 773 949 ἔπειτα
794 884 832 949 τδ
855 884 1004 987 ιρήφιςμα
1026 884 1173 965 εἰςφέρει·

129 972 131 977 ’
212 968 376 1051 δεδόχθαι
401 970 464 1048 γάρ
492 990 568 1050 φηςι
595 967 763 1051 πρόξενον
791 964 899 1031 αὐτον
927 963 1033 1050 εἶναι,
1062 965 1115 1033 δ’τι
1138 962 1173 1031 τοὶ

213 1055 372 1139 Φιλίππῳ
401 1052 621 1137 συμφέροντα
654 1052 711 1116 καὶ
743 1051 882 1134 πρόττει
909 1052 967 1116 ιιαί
994 1052 1102 1136 λέγει,
1128 1049 1173 1117 δτι

212 1136 394 1221 γενόμενος
420 1137 588 1243 ἵππαρρος
614 1132 694 1213 τούς
719 1135 909 1202 Ὀλυνθίων
932 1136 1052 1213 ἱππίας
1073 1133 1173 1220 προῦ-

213 1223 302 1286 δωκε
326 1223 503 1310 Φιλίππῳ,
532 1245 585 1287 οτι
606 1225 706 1287 τοῦτο
729 1220 857 1305 πράξας
878 1225 984 1296 αἴτιος
1006 1226 1069 1286 τοῦ
1090 1224 1173 1287 Χαλ-

212 1307 336 1372 κιδέων
359 1303 509 1392 ὑπῆρξεν
524 1304 683 1390 ὀλέθρου,
708 1303 760 1370 δ’τι
783 1301 929 1390 ἁλούσης
945 1302 1116 1371 Ὀλύνθου
1129 1329 1172 1371 τι·

212 1387 316 1476 μητὴς
343 1391 476 1474 ἐγένετο
499 1396 568 1456 των
591 1389 829 1476 αἰχμαλώτων,
860 1388 912 1456 ὅτι
933 1389 1118 1476 ἀντίπραξε
1137 1392 1173 1475 τῇ

188 1537 192 1544 ,
212 1475 310 1541 πόλει
332 1474 420 1558 ὑπὲρ
442 1481 504 1541 τοῦ
527 1476 623 1560 ἱεροῦ
645 1480 707 1540 τοῦ
723 1478 875 1561 Δηλίων,
898 1472 951 1540 δ’τι
972 1479 1031 1560 τῆς
1052 1476 1173 1551 πόλεως

212 1560 291 1642 περὶ
306 1560 519 1643 Χαιρώνειαν
533 1558 736 1645 ἡττηθείσης
751 1556 831 1625 οὔτε
854 1564 962 1639 ἔθαψε
976 1566 1048 1626 τῶν
1062 1567 1172 1627 τεθνε-

212 1644 310 1709 οίτων
337 1642 431 1721 τινας
464 1642 545 1713 οὔτε
565 1650 644 1710 ’των
678 1642 831 1711 ἁλόντων
864 1642 989 1711 οὐδένα
1024 1645 1170 1712 ἐλύσατο.

211 1733 265 1796 διὰ
286 1731 413 1798 τούτων
435 1735 667 1814 κεφαλαιωδῶς
689 1732 914 1812 ἀναμιμνήικει
928 1739 995 1797 τῶν
1010 1733 1087 1812 παρ’
1100 1732 1171 1809 δλην

210 1817 270 1896 τὴν
293 1818 486 1895 κατηγορίαν
515 1816 691 1897 εἰρημένων
719 1817 785 1885 κατ’
812 1816 921 1882 αὐτοῦ.
965 1817 1105 1901 Apsines
1125 1812 1172 1880 IX

211 1922 242 1986 p.
266 1899 328 1965 547
350 1899 492 1983 W.;.ef.
515 1923 612 1964 anon.
631 1903 673 1965 ad
688 1900 846 1985 Hermog.
861 1899 912 1965 IV
931 1923 964 1985 p.
979 1901 1060 1984 4253
1085 1901 1170 1986 Apsi-

209 2006 268 2049 nes
290 1985 375 2065 τέχν.
398 1985 507 2065 ῥητορ.
530 1983 583 2049 IX
605 2008 638 2071 p.
660 1985 724 2050 532
746 1984 801 2049 W.

172 2095 224 2157 ω,
296 2070 347 2134 80.
376 2071 506 2151 Ἕτερος
535 2070 570 2136 δέ
603 2073 686 2137 ἐςτιν
714 2070 900 2152 Ἀλκίμαχος
929 2071 1105 2151 Μακεδών,
1135 2067 1169 2135 οδ

210 2155 404 2236 μνημονεύει
431 2155 503 2221 Ὑπ.
533 2156 568 2222 ἐν
597 2163 644 2240 τῷ
672 2157 752 2222 κατὰ
776 2157 858 2235 Δημ.
883 2155 1000 2221 οὕτως·
1029 2152 1169 2237 Ἀλκίμα-

210 2261 272 2322 χον
296 2239 353 2304 καὶ
366 2238 586 2323 Ἀντίπατρον
597 2236 799 2324 Ἀθηναίους
814 2239 871 2303 ιιαδ
886 2238 1070 2323 προξένους
1085 2238 1169 2304 ἐποι-

209 2325 374 2473 ρροίμδεθαά
398 2361 441 2375 -
461 2323 566 2410 Harp.
590 2347 617 2388 s.
639 2348 671 2390 v.
694 2325 896 2409 Ἀλκίμαχοςς
919 2324 963 2389 cf.
985 2325 1024 2390 B.
1048 2326 1088 2389 A.
1104 2321 1168 2403 378,

261 2431 268 2445 ·
317 2433 351 2472 u1
378 2458 385 2472 .
409 2432 434 2471 s.
457 2432 490 2473 v.

171 2519 197 2560 οι
261 2456 269 2491 ⁷
296 2493 347 2557 81.
371 2491 469 2575 Μήτι
484 2492 614 2569 πόλεως
631 2493 713 2577 μήτε
728 2496 897 2569 πολιτείας
915 2491 1103 2577 ἐπηβόλους
1118 2512 1169 2574 γε·

210 2734 243 2782 79
261 2730 277 2782 δ
296 2731 346 2795 μὲν
359 2732 454 2782 Meier.
469 2731 504 2782 de
515 2748 629 2798 proxen.
643 2751 668 2853 ρ.
685 2737 706 2787 1.
725 2759 758 2770 -
776 2731 861 2786 οὗτος
879 2750 947 2799 pan,
965 2731 1055 2785 αὐτὸς
1072 2731 1166 2783 relicui.

210 2825 242 2836 -
252 2798 294 2850 δεῖ
306 2825 338 2835 -
351 2797 442 2850 αὐτὸν
454 2801 547 2865 regius
560 2803 635 2866 18⁷4,
661 2815 704 2854 (τι
715 2828 749 2838 -
762 2800 860 2853 αὐτῶν
872 2802 978 2856 relicui.
991 2826 1026 2839 ·-
1037 2801 1073 2853 δι’
1083 2797 1099 2851 δ
1109 2796 1170 2850 τού-

209 2881 261 2918 του
275 2869 312 2930 δ’..
326 2866 361 2918 δι’
372 2863 388 2917 δ
400 2865 508 2919 τούτου
520 2870 627 2935 regius,
645 2868 689 2921 διὰ
700 2867 819 2921 τούτων
832 2870 940 2920 relicui.
948 2895 987 2910 --
1000 2867 1119 2934 εἰςφέρω
1130 2883 1169 2917 re·

210 2936 279 3000 gius,
294 2932 435 2999 είςφέριυν
447 2936 554 2988 relicui.
567 2963 599 2974 -
612 2936 743 3001 δεδόχθαι
756 2938 862 3003 regim,
876 2936 1014 3001 δεδεῖχθαι
1026 2937 1128 2988 relicui.
1137 2957 1169 2972 ·-·

210 3001 255 3054 δτι
271 3002 310 3054 τὰ
326 3005 428 3069 regius,
446 3002 517 3056 διότι
533 3003 570 3056 τὰ
587 3005 696 3056 relicui.
714 3033 745 3042 -
763 3003 836 3070 ὑπὲρ
852 3007 904 3057 τοῦ
922 3003 1012 3071 ἱεροῦ]
1032 3004 1097 3071 περὶ
1112 3017 1135 3054 τ.
1151 2998 1168 3052 ί.

209 3077 302 3125 venet.
333 3098 366 3107 —
395 3069 530 3136 ἑρρύςατο
552 3073 645 3135 οοδδ.;
669 3088 721 3123 em.
739 3073 786 3138 Sp.
816 3100 849 3109 —
877 3073 966 3124 altero
988 3073 1051 3125 Ιοαο
1073 3073 1165 3123 diserte

208 3138 328 3202 Apsines
345 3139 375 3190 in
392 3139 446 3190 fine
464 3141 599 3192 orationis
617 3141 688 3191 haee
707 3148 818 3192 exstare
836 3141 933 3195 refert.
959 3167 994 3178 -
1019 3144 1053 3193 80
1069 3138 1168 3204 ἀθηνᾶς

208 3206 321 3271 BOFH3
341 3206 469 3273 ἀθηναῖοι
487 3209 549 3259 ΑΜ.
567 3234 600 3246 -
617 3208 665 3260 καί
683 3225 735 3259 om.
754 3206 837 3259 BOH.
855 3235 889 3246 -
909 3207 1052 3273 πρόξενον
1067 3205 1165 3259 BGFH.

208 3300 242 3311 -
259 3274 433 3340 ποιηςόμεθα
450 3275 535 3340 ΒΘΗ,
553 3275 729 3343 ποιηςάμεθα
745 3279 782 3327 F.
797 3304 830 3313 -
847 3279 881 3328 81
898 3274 1029 3340 ἐπίβολος
1046 3277 1127 3330 Ε.Μ.
1139 3294 1165 3310 ·

209 3341 345 3406 Δημάδου
362 3343 462 3408 Porph.
482 3349 510 3394 οι
528 3345 623 3407 Euam
644 3342 799 3410 Δημάρχου
817 3345 849 3396 Ε.
865 3345 903 3398 Μ.
921 3369 956 3382 -
974 3344 1045 3409 μήτε
1062 3343 1166 3398 πόλεως

208 3410 302 3471 λίνοις
321 3408 463 3477 μηδέποτε
481 3408 607 3472 πολέμου
625 3412 740 3476 Porph.;
764 3410 836 3477 μήτε
853 3411 937 3464 πόλιν
956 3413 989 3464 Ε.
1000 3413 1039 3467 Μ,
1057 3439 1091 3450 —-
1107 3410 1166 3471 ἑκη-

210 3474 312 3538 βόλους
333 3477 435 3544 Porph.
459 3483 489 3530 et
509 3479 603 3544 Κνιδίη
631 3476 772 3545 ἐπήβολον
795 3480 829 3532 Ε.
851 3482 889 3534 M.
929 3481 1092 3546 Explicatur
1115 3477 1167 3531 ἐπι·
