2467 3942
373 148 739 249 Υπεολνκοοοουοςῖ
995 167 1038 234 29

24 368 25 371 ¹
78 341 218 419 ἢψευδῆ
241 340 299 418 τὴν
322 338 424 404 αἰτίαν
554 344 620 407 τῶν
642 340 770 405 πώποθ’
791 339 908 419 ἱππαρ·

79 425 157 489 εἰκὸς
178 423 269 491 εἶναι.
294 461 333 469 -
357 423 423 500 ἐγὼ
447 422 512 489 τοί·
555 425 703 505 χηκότων
725 424 835 507 μόνος,

79 530 144 591 νυν,
167 509 195 574 ὠ
216 508 332 588 ἄνδρες
355 514 440 574 δικα-
554 510 808 589 προςκατέμεινα
828 510 863 574 δὲ

57 596 150 678 τςταὶ,
171 594 239 673 μεθ’
259 593 351 674 ὑμῶν
374 599 441 658 δια-
555 595 667 660 αὐτόθι
688 595 748 662 τὸν
770 595 878 674 τρίτον
900 594 930 658 ἐ-

78 679 188 761 τρίβων
211 679 247 744 ἐν
268 684 307 762 τῇ
329 678 423 744 πόλει
553 680 686 746 νιαυτὸν
709 679 750 745 οὐ
773 679 888 761 βουλό·
1038 697 1063 735 10

78 765 131 828 τὸν
152 763 279 829 ἅπαντα
301 763 423 843 χρόνον
555 786 652 846 μενος
674 764 806 830 πολίτας
828 764 884 830 ἄν·

78 847 148 914 οὔτε
169 848 272 914 αἰτίαν
293 850 445 929 πονηρὰν
556 856 636 931 δρας
658 849 711 914 ἐπὶ
731 851 877 930 κεφαλὴν

77 933 224 1014 οὐδεμίαν
247 934 375 999 πώποτ’
396 933 427 1000 ἔ·
557 934 754 1015 είςπρόιττειν
775 935 833 1000 τὸν
855 954 903 1015 μι-

48 1021 173 1100 ιιλαβον
195 1018 265 1084 οὔτ’
287 1018 398 1098 ἔγκλη-
554 1021 631 1086 ςθὸν
652 1023 721 1084 τοῖς
741 1019 888 1085 ἱππεύειν

78 1104 117 1183 μά
137 1125 189 1183 μοι
210 1105 294 1183 πρὸς
315 1103 437 1170 οὐδένα
554 1104 688 1184 ἀπόρως
710 1104 863 1185 διακειμέ-
1038 1117 1063 1157 15

23 1232 25 1235 .
76 1192 139 1253 τῶν
160 1192 304 1253 πολιτῶν
326 1189 420 1264 γέγο-
554 1210 643 1257 νους.
659 1226 698 1234 -
715 1190 767 1254 καὶ
788 1189 824 1255 ἐν
846 1189 953 1273 τούτῳ

77 1291 139 1356 νεν,
162 1273 238 1340 οὐδὲ
260 1273 409 1354 πέφευγα
553 1294 606 1354 μοι
629 1280 675 1358 τῷ
697 1273 807 1356 χρόνῳ
833 1274 885 1349 ἔγ-

23 1398 24 1401 =
78 1358 161 1437 δίκην
183 1358 348 1439 οὐδεμίαν,
517 1388 519 1393 ·
554 1361 657 1438 κλημα
678 1359 737 1437 μὲν
759 1358 865 1424 οὐδεὶς

49 1462 69 1503 15
80 1442 143 1507 οὐδ’
164 1443 275 1522 ἕτερον
297 1443 447 1527 δεδίωχα,
553 1448 620 1510 τῶν
643 1444 708 1508 ἐκεῖ
729 1442 876 1509 ἐνεκάλε-

79 1526 289 1609 ίπποτροφιύν
313 1529 349 1592 δε
371 1532 436 1593 δια·
554 1549 607 1595 ςεν
631 1528 707 1594 οὔτε
728 1528 792 1612 ἰδίᾳ
815 1528 891 1593 οὐτε
913 1532 967 1607 δη·
1036 1542 1063 1581 20

79 1614 217 1678 τετέλεκα
239 1613 376 1696 φιλοτ[ί-
554 1612 657 1698 μοςίᾳ,
681 1651 720 1660 -
743 1614 858 1694 ςτεφὰ-

78 1718 140 1776 μως
160 1698 217 1763 τὸν
240 1697 369 1763 ἅπαντα
393 1698 468 1777 χρό-
555 1717 626 1764 νοις
649 1701 686 1764 δὲ
707 1699 804 1778 τριςὶν
827 1697 909 1762 ἑςτε-

80 1801 134 1847 νον
155 1784 241 1863 παρὰ
262 1783 398 1862 δύναμιν
554 1785 712 1864 (ρανώθην
734 1784 799 1849 ὑπὸ
819 1785 878 1848 τοῦ

50 1867 127 1930 οιαὶ
146 1866 224 1947 ὑπὲρ
245 1868 305 1947 τὴν
328 1867 439 1932 οὐςίαν
556 1870 688 1953 δήμ]οο
710 1873 769 1936 τοῦ
792 1867 828 1933 ἐν
850 1868 961 1947 Ἡφαι-
1002 1894 1005 1901 ’

80 1951 132 2028 τὴν
153 1952 306 2032 ἐμαυτοῦ·
330 1989 368 1997 -
393 1953 475 2018 ἑςτε-
584 1954 649 2038 τί]ᾳ
671 1954 721 2019 καί
742 1953 864 2032 ἑτέροις
1037 1963 1063 2003 25

80 2037 223 2117 φάνωμαι
244 2037 274 2102 δ>
296 2036 360 2101 ὑπό
385 2057 420 2101 τε
553 2037 647 2121 ὐ[πύ]
669 2043 728 2103 τού
751 2037 786 2103 ἐν
810 2037 1006 2121 Μυχρχρίνῃ·

80 2123 140 2186 τῶν
160 2121 285 2186 ἱππέων
307 2120 388 2187 πάν·
555 2122 576 2186 ἃ
599 2122 664 2206 [δ]ἡ
686 2123 836 2200 τεκμήρια
857 2122 932 2200 ὑμῖν

82 2225 140 2270 των
160 2205 377 2285 ἀνδραγαθίας
555 2207 665 2289 ἐ[ςτι]ν
688 2206 734 2271 εἰς
754 2208 873 2271 τοῦτον
895 2205 953 2271 τὸν
977 2204 984 2290 Ι

52 2288 166 2355 υὲνεκα
186 2293 238 2357 καὶ
259 2290 324 2355 ὐπὸ
346 2293 414 2356 τῶν
554 2290 677 2375 ἀγῶνα,
700 2290 745 2356 ὡς
766 2292 899 2370 ψευδεῖς
1017 2300 1082 2343 ’δί’

85 2376 310 2455 ςυναρχόντων.
344 2376 378 2440 ὑ-
555 2377 622 2441 κατ’
644 2376 724 2455 ἐμοῦ
746 2375 808 2459 (αἱ)
824 2374 919 2439 αἰτίαι
933 2373 1026 2441 εἰςίν·

83 2461 140 2536 μείς
159 2461 219 2539 γάρ
243 2481 291 2541 με,
318 2460 346 2524 ιύ
370 2459 425 2525 ἄν·
557 2498 595 2506 -
620 2461 660 2527 οὐ
675 2462 737 2542 γὰρ
756 2459 829 2526 οἷόν
843 2480 879 2526 τε
893 2461 952 2527 τὸν
967 2461 1015 2527 Ἀ-

84 2546 146 2621 δρες
166 2545 317 2628 δικαςταὶ,
340 2543 452 2630 πρῶ-Ι
554 2544 665 2625 θήνηςι
685 2546 832 2625 πονηρὸν

33 2641 74 2686 νιν
84 2647 132 2694 τον
153 2633 208 2710 μὲν
231 2629 404 2710 φύλαρχον
554 2631 589 2696 ἐν
612 2629 729 2712 Λήμνῳ
751 2631 888 2711 χρηςτὸν
1050 2642 1063 2683 5

81 2711 347 2797 ἐχειροτονήςατε,
371 2714 402 2781 ἔ·
556 2713 652 2793 είνω,
675 2715 746 2781 οὐδ’
767 2716 857 2796 ὑμεῖς
879 2714 925 2779 ὡς

83 2817 164 2864 πειτα
184 2798 229 2865 εἰς
251 2799 381 2879 Λῆμνον
553 2803 707 2865 τοιοῦτον
729 2798 810 2865 ὄντα
832 2819 869 2878 με
892 2798 927 2862 ἀ-

26 2922 28 2967 3
81 2881 245 2968 ἵππαρχον,
268 2886 320 2949 καὶ
341 2883 421 2964 ἦρξα
554 2885 742 2950 πεςτέλλετε
764 2885 863 2950 ἐκεῑςε

26 2970 28 2985 ³
63 2968 132 3045 ιμὲν
152 2970 262 3035 αὐτόθι
285 2968 334 3035 δύ’
357 2969 412 3049 ἔτη
554 2971 841 3050 παρακατατιθέμε-

85 3087 277 3102 ———--—·-

142 3157 202 3208 Col.
218 3158 298 3209 XIII.
335 3158 351 3207 ό
368 3155 534 3221 διατρειβων
550 3156 636 3207 A..—
652 3171 689 3222 τη
707 3157 739 3207 A.
756 3184 791 3194 -
807 3159 823 3208 8
841 3171 890 3210 οτε
907 3159 932 3210 A
946 3174 987 3224 pr.
1004 3185 1039 3196 -

83 3223 223 3357 {grffifiaeffl
235 3226 265 3344 ιζ.
276 3241 318 3343 prr.
336 3251 369 3260 -
389 3221 523 3291 ενκληίμα
540 3224 584 3288 Α.,
603 3224 676 3290 quod
694 3225 795 3276 retinet
813 3225 867 3278 Sw.
885 3253 917 3263 ·-
938 3228 969 3277 17
987 3240 1038 3276 πο·

143 3306 199 3411 Οὐί.
217 3309 300 3413 xlv?
317 3331 363 3410 ‘17'
378 3356 512 3426 ενίκλημα
530 3359 562 3410 A.
581 3386 616 3396 —
633 3362 667 3412 20
683 3358 739 3411 ῑδια
755 3360 788 3411 Α.
808 3386 840 3397 -
858 3362 890 3410 21
909 3359 1038 3421 δημοςια-

83 3424 165 3480 ουδεις
182 3428 206 3479 A
222 3444 277 3494 μω
296 3433 436 3480 corrector
454 3428 544 3480 ουδεις
561 3432 593 3478 ut
611 3428 757 3479 delendum
775 3427 890 3477 notavit.

143 3496 201 3547 Col.
213 3496 272 3547 XV.
296 3499 313 3548 2
326 3488 355 3547 ὐὶ
366 3493 420 3548 αίτ.
428 3498 480 3548 Bb.
493 3497 523 3546 in
535 3495 643 3554 adnot.;
657 3495 720 3557 Sw„
731 3494 761 3544 O.
774 3522 808 3529 -
819 3496 835 3543 5
847 3493 946 3553 λημνω
960 3489 992 3540 A.
1006 3511 1038 3522 -
