2467 3942
446 230 656 280 reuersum.
974 221 1044 284 VII

71 405 133 454 tum
153 403 200 455 est
222 391 372 454 orationis
393 410 448 469 pro
469 389 677 471 Lycophrone
698 393 899 471 posteriorem
919 400 1040 471 purtem

9 498 10 503 ¹
76 480 364 559 Euxenippeamque
397 478 549 554 integram
581 476 695 537 inesse.
751 476 898 537 Nondum
934 484 1040 537 tamen

78 566 172 643 copias
205 563 376 625 Thebanus
415 560 580 622 exhaustas
618 579 686 621 esse
721 568 842 640 tempus
880 562 1039 642 patefecit.

78 649 163 709 Auno
183 650 268 709 enim
283 647 366 708 1856
388 647 498 706 tertius
510 645 680 706 Britannus
694 644 736 706 H.
753 645 878 707 Stobart
899 666 938 707 ex
950 666 1038 726 pere·

80 734 244 812 griuatione
257 732 454 813 Aegyptiace
469 730 548 790 elius
562 730 738 805 voluminis,
762 731 846 810 quod
869 732 1039 793 orationem

9 870 11 875 ,
80 818 230 879 funebrem
243 816 417 898 Hyperidis
432 817 636 889 continuerat,
661 817 837 895 fragmenta
858 817 893 876 in
909 817 1041 896 patriam

9 916 10 965 3
82 898 178 962 secum
193 902 309 976 attulit,
334 920 448 981 quaes
468 900 647 961 tabernario
662 901 797 980 quodum
812 900 931 962 Thebis
952 900 1041 962 habi·

9 990 11 1041 }
82 995 167 1060 tante,
183 1006 274 1067 quem
287 986 422 1048 eundem
437 983 653 1046 Oastellarium
669 1005 735 1047 esse
751 986 917 1065 putareris,
935 995 1039 1065 empta

81 1072 232 1132 referebat.
276 1071 444 1133 Praeterea
465 1070 595 1149 parvula
617 1072 792 1150 fragmenta
818 1072 929 1151 prioris
955 1071 1040 1131 illius

81 1156 233 1216 voluminis
253 1158 337 1217 inter
357 1155 491 1216 Ardenii
511 1157 614 1216 varias
637 1155 769 1217 schedas
790 1156 970 1235 Babington
993 1157 1040 1214 in·

83 1242 247 1320 vestigavit,
266 1243 329 1301 alia
350 1240 484 1301 Parisios
504 1241 546 1300 ad
559 1240 744 1302 Michaelem
759 1239 888 1301 Chasles
904 1241 1038 1301 devene-

9 1372 11 1409 ᾖ
84 1333 154 1399 runt,
168 1346 245 1406 quae
254 1327 399 1405 Eggerus
414 1344 515 1406 nuper
530 1325 643 1402 edidit3
662 1325 782 1404 reliqna
796 1327 913 1404 perisse
924 1325 975 1385 vel
989 1325 1041 1384 hic

9 1412 11 1471 ὲ
84 1409 138 1469 illic
156 1430 209 1490 per
222 1411 381 1490 Europum
397 1409 617 1491 Aegyptumve
639 1411 762 1470 latitare
784 1410 957 1489 putandum
983 1418 1039 1470 est.

9 1488 10 1493 ἵ
156 1496 273 1556 Primus
288 1495 446 1555 Harrisius
468 1515 551 1555 anno
569 1495 650 1556 1848
673 1495 849 1574 fragmenta
870 1513 927 1555 suu
948 1494 1039 1554 litho-

9 1576 11 1637 ζ
86 1579 215 1658 graphica
229 1589 295 1642 arte
310 1581 478 1659 diligenter
492 1599 638 1660 expressa
652 1579 748 1640 oculis
762 1580 922 1640 hominum
937 1580 1040 1640 docto·

9 1668 11 1681 '
87 1681 144 1721 rum
160 1664 286 1726 subiecit
311 1683 479 1743 eorumque
506 1665 609 1726 studia
637 1685 751 1745 magna
778 1665 934 1726 excitarit.
977 1664 1040 1724 Eo·

9 1778 10 1781 ¹
88 1746 147 1806 dem
173 1758 306 1830 tempore
338 1751 373 1809 in
401 1747 570 1810 Germania
600 1748 757 1829 Sauppius
790 1748 1038 1829 Boeclrhiusque,

88 1849 176 1910 neque
204 1835 299 1895 multo
334 1842 404 1914 post
436 1835 469 1893 in
504 1834 669 1895 Britannia
696 1833 822 1895 Samuel
855 1833 975 1914 Sharpe
1010 1842 1041 1894 et

90 1913 229 1983 Ohurchill
242 1918 430 1998 Babington,
453 1918 503 1979 vir
519 1919 558 1980 de
571 1917 737 2000 Hyperide
752 1919 901 1998 imprimis
925 1920 1039 1998 optime

88 2002 203 2077 meritus,
226 2024 355 2084 operum·
372 2005 406 2064 in
429 2005 473 2064 eis
487 2004 631 2083 legendis
647 2004 869 2083 componendis
885 2003 1040 2063 adornan-

90 2083 128 2143 dis
147 2089 378 2150 collocaverunt.
422 2087 517 2148 Auno
541 2089 656 2149 deinde
680 2090 761 2148 1853
776 2087 936 2149 Ardenins
952 2108 1041 2147 suum

89 2170 212 2234 volumen
239 2174 353 2246 edidit,
383 2173 579 2253 splendidius
612 2175 705 2233 etium
731 2173 1040 2252 magnificentiusque

91 2271 166 2331 quam
196 2258 356 2319 Harrisius
389 2259 505 2319 fecerat
535 2257 728 2337 lithographi
756 2265 822 2317 arte
852 2275 1039 2335 expressum,

90 2339 174 2401 colore
200 2361 323 2423 quoque
350 2344 463 2424 papyri
489 2345 636 2423 rimisque
664 2340 816 2402 omnibus
830 2361 948 2401 summa
971 2340 1042 2401 dili:

90 2427 179 2499 gentis
199 2428 323 2504 edictis,
353 2427 517 2488 adiunctus
545 2436 612 2489 erut
640 2428 876 2488 commentarius
902 2410 1040 2504 Bassing·

89 2511 156 2568 tonis
174 2511 430 2594 locupletissimus
458 2521 622 2592 ceteraque
649 2532 729 2592 qnae
755 2513 797 2573 ad
819 2512 974 2573 orationes
997 2512 1039 2570 le·

90 2594 189 2667 gendes
203 2597 422 2677 perpoliendas
438 2598 647 2658 restituendus
661 2596 861 2678 pertinebant
876 2596 915 2656 ab
931 2596 1041 2656 eodem

90 2673 237 2757 diligenter
259 2682 412 2743 confecta.
448 2682 576 2762 Integra
590 2700 671 2762 quae
685 2685 747 2741 iam
768 2681 926 2761 prodierat
941 2681 1041 2740 oratio

88 2760 220 2845 simulque
242 2767 345 2846 ampla
371 2766 499 2826 alterius
528 2787 600 2846 pars
622 2766 718 2827 multo
739 2767 838 2828 maius
861 2767 956 2828 etiam
977 2774 1040 2826 stu·

88 2843 159 2907 dium
178 2850 291 2931 ubique
314 2860 536 2912 evocaverunt:
566 2851 716 2912 editorem
736 2852 923 2911 Britannum
944 2850 1042 2911 secuti

86 2935 197 2994 suntin
219 2935 388 2997 Germanis
409 2935 628 2998 Schneidewin
652 2945 683 2996 et
706 2934 830 3010 Caesar,
853 2935 888 2994 in
908 2934 1042 2996 Bate-via

9 3058 11 3103 ss
87 3010 179 3091 (iubet,
202 3021 286 3100 apud
308 3020 424 3081 Succos
445 3040 569 3105 quoque
591 3021 711 3095 Linder
733 3030 765 3081 et
785 3021 820 3079 in
842 3020 935 3082 Italia
952 3019 1040 3081 Oom·
1098 3066 1099 3069 η

9 3112 10 3131 ³
86 3104 192 3177 purerti,
215 3106 269 3184 qui
289 3105 408 3185 purtim
423 3114 585 3186 utramque
608 3107 787 3179 orationem,
811 3106 923 3184 partim
936 3105 1040 3166 Euxe-

85 3183 218 3264 nippeam'
235 3189 334 3251 solam
356 3190 598 3252 emendatiorem
625 3191 888 3270 integrioremque
910 3190 1041 3251 reddere

86 3269 264 3339 studuerunt.
313 3274 460 3355 Denique
489 3294 572 3336 anno
596 3276 679 3336 1857
708 3276 805 3336 oratio
834 3275 974 3336 funebris
1002 3273 1041 3332 ab

87 3353 183 3417 eodem
201 3357 398 3440 Babingtone
420 3361 551 3440 parique
567 3360 741 3441 splendore
756 3369 849 3440 atque
871 3361 944 3421 illae
960 3357 1040 3417 duae

86 3433 159 3501 edita
180 3453 239 3521 est,
263 3464 356 3524 quarn
376 3453 485 3525 postea
505 3455 730 3520 recensuerunt
744 3443 879 3524 Sauppe,
903 3443 1036 3521 Kayser,
1117 3521 1119 3523 ‚

85 3516 148 3583 Tell
161 3525 192 3585 in
213 3526 393 3603 Germania,
422 3529 663 3609 apud-Batavos
687 3529 799 3601 Cobet,
828 3546 920 3606 porro
942 3523 1042 3584 Italus
