<?xml version="1.0" encoding="UTF-8"?>
<!DOCTYPE html PUBLIC "-//W3C//DTD XHTML 1.0 Transitional//EN"
    "http://www.w3.org/TR/xhtml1/DTD/xhtml1-transitional.dtd">
<html xmlns="http://www.w3.org/1999/xhtml" xml:lang="en" lang="en">
 <head>
  <title>
</title>
<meta http-equiv="Content-Type" content="text/html;charset=utf-8" />
  <meta name='ocr-system' content='tesseract 3.04.00' />
  <meta name='ocr-capabilities' content='ocr_page ocr_carea ocr_par ocr_line ocrx_word'/>
</head>
<body>
  <div class='ocr_page' id='page_1' title='image "./hyperidisoratio01blasgoog/hyperidisoratio01blasgoog_0120.png"; bbox 0 0 2467 3942; ppageno 0'>
   <div class='ocr_carea' id='block_1_1' title="bbox 242 205 872 276">
    <p class='ocr_par' dir='ltr' id='par_1_1' title="bbox 242 205 872 276">
     <span class='ocr_line' id='line_1_1' title="bbox 242 205 872 276; baseline 0.005 -19"><span class='ocrx_word' id='word_1_1' title='bbox 242 208 296 276; x_wconf 81' lang='lat'>76.</span> <span class='ocrx_word' id='word_1_2' title='bbox 572 205 872 261; x_wconf 72' lang='grc' dir='ltr'>Ααοεπαεααγα.</span> 
     </span>
    </p>
   </div>
   <div class='ocr_carea' id='block_1_2' title="bbox 127 374 1213 2497">
    <p class='ocr_par' dir='ltr' id='par_1_2' title="bbox 240 374 1193 461">
     <span class='ocr_line' id='line_1_2' title="bbox 240 374 1193 461; baseline -0.001 -21"><span class='ocrx_word' id='word_1_3' title='bbox 240 401 303 460; x_wconf 80' lang='grc' dir='ltr'>την</span> <span class='ocrx_word' id='word_1_4' title='bbox 325 377 361 441; x_wconf 88' lang='grc' dir='ltr'>οί</span> <span class='ocrx_word' id='word_1_5' title='bbox 373 376 537 460; x_wconf 80' lang='grc' dir='ltr'>πρόγονοι</span> <span class='ocrx_word' id='word_1_6' title='bbox 551 374 648 461; x_wconf 73' lang='grc' dir='ltr'>ἡμῶν</span> <span class='ocrx_word' id='word_1_7' title='bbox 669 376 725 442; x_wconf 77' lang='grc' dir='ltr'>ἐπὶ</span> <span class='ocrx_word' id='word_1_8' title='bbox 738 374 854 458; x_wconf 80' lang='grc' dir='ltr'><strong><em>λόγοις</em></strong></span> <span class='ocrx_word' id='word_1_9' title='bbox 869 375 1040 453; x_wconf 76' lang='grc' dir='ltr'><strong><em>ἐκόλαζον.</em></strong></span> <span class='ocrx_word' id='word_1_10' title='bbox 1071 376 1193 461; x_wconf 83' lang='lat' dir='ltr'><strong>Gregor.</strong></span> 
     </span>
    </p>

    <p class='ocr_par' dir='ltr' id='par_1_3' title="bbox 241 461 964 547">
     <span class='ocr_line' id='line_1_3' title="bbox 241 461 964 547; baseline -0.004 -20"><span class='ocrx_word' id='word_1_11' title='bbox 241 461 387 527; x_wconf 79' lang='lat' dir='ltr'><strong>Corinth.</strong></span> <span class='ocrx_word' id='word_1_12' title='bbox 410 464 454 526; x_wconf 89' lang='lat' dir='ltr'>ad</span> <span class='ocrx_word' id='word_1_13' title='bbox 475 461 632 547; x_wconf 85' lang='lat' dir='ltr'><strong>Hermog.</strong></span> <span class='ocrx_word' id='word_1_14' title='bbox 655 461 724 525; x_wconf 89' lang='lat' dir='ltr'>VH</span> <span class='ocrx_word' id='word_1_15' title='bbox 745 484 778 547; x_wconf 91' lang='lat' dir='ltr'>p.</span> <span class='ocrx_word' id='word_1_16' title='bbox 805 461 886 527; x_wconf 89' lang='grc'>1148</span> <span class='ocrx_word' id='word_1_17' title='bbox 909 461 964 527; x_wconf 87' lang='lat' dir='ltr'>W.</span> 
     </span>
    </p>

    <p class='ocr_par' dir='ltr' id='par_1_4' title="bbox 127 546 1193 645">
     <span class='ocr_line' id='line_1_4' title="bbox 127 546 1193 645; baseline -0.004 -31"><span class='ocrx_word' id='word_1_18' title='bbox 127 553 128 556; x_wconf 73' lang='grc'>’</span> <span class='ocrx_word' id='word_1_19' title='bbox 201 565 228 605; x_wconf 75' lang='grc' dir='ltr'>ον</span> <span class='ocrx_word' id='word_1_20' title='bbox 324 546 378 613; x_wconf 83' lang='grc'>59.</span> <span class='ocrx_word' id='word_1_21' title='bbox 402 546 600 645; x_wconf 62' lang='grc' dir='ltr'>ἐνναίθετος·</span> <span class='ocrx_word' id='word_1_22' title='bbox 618 548 689 613; x_wconf 89' lang='grc' dir='ltr'>Ὑπ.</span> <span class='ocrx_word' id='word_1_23' title='bbox 705 549 785 613; x_wconf 87' lang='grc' dir='ltr'>κατὰ</span> <span class='ocrx_word' id='word_1_24' title='bbox 796 546 1007 614; x_wconf 69' lang='grc' dir='ltr'>Αὐτοκλέους.</span> <span class='ocrx_word' id='word_1_25' title='bbox 1037 547 1193 611; x_wconf 78' lang='lat' dir='ltr'><strong>Antiatfia</strong></span> 
     </span>
    </p>

    <p class='ocr_par' dir='ltr' id='par_1_5' title="bbox 239 628 1194 720">
     <span class='ocr_line' id='line_1_5' title="bbox 239 628 1194 720; baseline 0 -23"><span class='ocrx_word' id='word_1_26' title='bbox 239 634 274 697; x_wconf 91' lang='lat' dir='ltr'>in</span> <span class='ocrx_word' id='word_1_27' title='bbox 295 631 335 699; x_wconf 89' lang='lat' dir='ltr'>B.</span> <span class='ocrx_word' id='word_1_28' title='bbox 357 634 401 698; x_wconf 82' lang='lat' dir='ltr'>A.</span> <span class='ocrx_word' id='word_1_29' title='bbox 423 655 455 720; x_wconf 91' lang='lat' dir='ltr'>p.</span> <span class='ocrx_word' id='word_1_30' title='bbox 478 631 531 715; x_wconf 83' lang='lat'>96,</span> <span class='ocrx_word' id='word_1_31' title='bbox 554 630 606 697; x_wconf 85' lang='lat'>30.</span> <span class='ocrx_word' id='word_1_32' title='bbox 648 628 864 714; x_wconf 52' lang='lat' dir='ltr'>’Eyuaaswff</span> <span class='ocrx_word' id='word_1_33' title='bbox 890 632 996 700; x_wconf 74' lang='grc' dir='ltr'>οὕτω(</span> <span class='ocrx_word' id='word_1_34' title='bbox 1017 632 1090 698; x_wconf 90' lang='grc' dir='ltr'>Ὑπ.</span> <span class='ocrx_word' id='word_1_35' title='bbox 1111 633 1194 711; x_wconf 82' lang='grc' dir='ltr'>ἀπερ</span> 
     </span>
    </p>

    <p class='ocr_par' dir='ltr' id='par_1_6' title="bbox 240 717 1194 803">
     <span class='ocr_line' id='line_1_6' title="bbox 240 717 1194 803; baseline 0.001 -21"><span class='ocrx_word' id='word_1_36' title='bbox 240 719 414 803; x_wconf 83' lang='grc' dir='ltr'>ριμμένωε,</span> <span class='ocrx_word' id='word_1_37' title='bbox 441 718 518 783; x_wconf 79' lang='grc' dir='ltr'>οέον</span> <span class='ocrx_word' id='word_1_38' title='bbox 546 718 765 798; x_wconf 82' lang='grc' dir='ltr'>δοκιμώτερον</span> <span class='ocrx_word' id='word_1_39' title='bbox 798 718 968 799; x_wconf 79' lang='grc' dir='ltr'>χρήεαεθαι</span> <span class='ocrx_word' id='word_1_40' title='bbox 994 723 1042 801; x_wconf 84' lang='grc' dir='ltr'>τῷ</span> <span class='ocrx_word' id='word_1_41' title='bbox 1070 717 1194 794; x_wconf 79' lang='grc' dir='ltr'>θετὸεῆ</span> 
     </span>
    </p>

    <p class='ocr_par' dir='ltr' id='par_1_7' title="bbox 239 800 1194 952">
     <span class='ocr_line' id='line_1_7' title="bbox 239 800 1194 952; baseline -0.004 -83"><span class='ocrx_word' id='word_1_42' title='bbox 239 803 463 952; x_wconf 36' lang='lat' dir='ltr'>&amp;zamach</span> <span class='ocrx_word' id='word_1_43' title='bbox 489 803 683 882; x_wconf 70' lang='grc' dir='ltr'>ὑπόβλητος.</span> <span class='ocrx_word' id='word_1_44' title='bbox 720 800 899 887; x_wconf 72' lang='lat' dir='ltr'><strong>Phryniah.</strong></span> <span class='ocrx_word' id='word_1_45' title='bbox 925 803 1084 888; x_wconf 80' lang='lat' dir='ltr'>epitomes</span> <span class='ocrx_word' id='word_1_46' title='bbox 1096 824 1130 889; x_wconf 87' lang='lat' dir='ltr'>p.</span> <span class='ocrx_word' id='word_1_47' title='bbox 1144 800 1194 865; x_wconf 80' lang='lat'>333</span> 
     </span>
    </p>

    <p class='ocr_par' dir='ltr' id='par_1_8' title="bbox 271 909 325 954">
     <span class='ocr_line' id='line_1_8' title="bbox 271 909 325 954; baseline 0.037 -2"><span class='ocrx_word' id='word_1_48' title='bbox 271 909 290 952; x_wconf 86' lang='grc' dir='ltr'>ο</span> <span class='ocrx_word' id='word_1_49' title='bbox 317 936 325 954; x_wconf 92' lang='grc'><strong>.</strong></span> 
     </span>
    </p>

    <p class='ocr_par' dir='ltr' id='par_1_9' title="bbox 200 968 1195 1396">
     <span class='ocr_line' id='line_1_9' title="bbox 200 968 1195 1055; baseline -0.001 -19"><span class='ocrx_word' id='word_1_50' title='bbox 200 989 226 1030; x_wconf 78' lang='grc' dir='ltr'>οι</span> <span class='ocrx_word' id='word_1_51' title='bbox 324 971 377 1036; x_wconf 88' lang='grc'>60.</span> <span class='ocrx_word' id='word_1_52' title='bbox 400 972 487 1053; x_wconf 81' lang='grc' dir='ltr'>ἔργα</span> <span class='ocrx_word' id='word_1_53' title='bbox 504 970 604 1036; x_wconf 78' lang='grc' dir='ltr'>νέων.</span> <span class='ocrx_word' id='word_1_54' title='bbox 632 975 730 1037; x_wconf 85' lang='grc' dir='ltr'>τοῦτο</span> <span class='ocrx_word' id='word_1_55' title='bbox 751 972 805 1037; x_wconf 88' lang='grc' dir='ltr'>καὶ</span> <span class='ocrx_word' id='word_1_56' title='bbox 826 970 997 1053; x_wconf 66' lang='grc' dir='ltr'>Ὑπερίδης</span> <span class='ocrx_word' id='word_1_57' title='bbox 1017 970 1053 1037; x_wconf 83' lang='grc' dir='ltr'>ἐν</span> <span class='ocrx_word' id='word_1_58' title='bbox 1076 977 1121 1055; x_wconf 85' lang='grc' dir='ltr'>τῷ</span> <span class='ocrx_word' id='word_1_59' title='bbox 1142 968 1195 1036; x_wconf 69' lang='grc' dir='ltr'>καί</span> 
     </span>
     <span class='ocr_line' id='line_1_10' title="bbox 239 1054 1194 1142; baseline -0.002 -21"><span class='ocrx_word' id='word_1_60' title='bbox 239 1057 311 1122; x_wconf 83' lang='grc' dir='ltr'><strong>Αὐτ.</strong></span> <span class='ocrx_word' id='word_1_61' title='bbox 333 1057 481 1123; x_wconf 82' lang='grc' dir='ltr'>Ἠαόδου</span> <span class='ocrx_word' id='word_1_62' title='bbox 503 1058 600 1137; x_wconf 75' lang='grc' dir='ltr'>φηεὶν</span> <span class='ocrx_word' id='word_1_63' title='bbox 624 1055 715 1122; x_wconf 83' lang='grc' dir='ltr'>εἶναι.</span> <span class='ocrx_word' id='word_1_64' title='bbox 737 1054 898 1142; x_wconf 81' lang='lat' dir='ltr'><strong>Harpocr.</strong></span> <span class='ocrx_word' id='word_1_65' title='bbox 921 1092 964 1103; x_wconf 91' lang='lat'>—</span> <span class='ocrx_word' id='word_1_66' title='bbox 987 1058 1088 1135; x_wconf 83' lang='grc' dir='ltr'>Ἔργα</span> <span class='ocrx_word' id='word_1_67' title='bbox 1112 1057 1194 1136; x_wconf 83' lang='grc' dir='ltr'>νέων,</span> 
     </span>
     <span class='ocr_line' id='line_1_11' title="bbox 240 1141 1194 1225; baseline -0.006 -18"><span class='ocrx_word' id='word_1_68' title='bbox 240 1142 355 1221; x_wconf 83' lang='grc' dir='ltr'>βουλαὶ</span> <span class='ocrx_word' id='word_1_69' title='bbox 383 1143 420 1207; x_wconf 81' lang='grc' dir='ltr'>δὲ</span> <span class='ocrx_word' id='word_1_70' title='bbox 447 1142 570 1225; x_wconf 76' lang='grc' dir='ltr'>μέεων,</span> <span class='ocrx_word' id='word_1_71' title='bbox 597 1141 690 1221; x_wconf 86' lang='grc' dir='ltr'>εὐχαὶ</span> <span class='ocrx_word' id='word_1_72' title='bbox 721 1143 757 1206; x_wconf 79' lang='grc' dir='ltr'>δὲ</span> <span class='ocrx_word' id='word_1_73' title='bbox 783 1141 958 1221; x_wconf 84' lang='grc' dir='ltr'>γερόντων.</span> <span class='ocrx_word' id='word_1_74' title='bbox 1006 1146 1107 1207; x_wconf 64' lang='grc' dir='ltr'>τοῦτο</span> <span class='ocrx_word' id='word_1_75' title='bbox 1136 1141 1194 1204; x_wconf 88' lang='grc' dir='ltr'>Ὑπ.</span> 
     </span>
     <span class='ocr_line' id='line_1_12' title="bbox 239 1225 1193 1311; baseline -0.006 -19"><span class='ocrx_word' id='word_1_76' title='bbox 239 1226 275 1292; x_wconf 85' lang='grc' dir='ltr'>ἐν</span> <span class='ocrx_word' id='word_1_77' title='bbox 302 1233 349 1311; x_wconf 80' lang='grc' dir='ltr'>τῷ</span> <span class='ocrx_word' id='word_1_78' title='bbox 375 1246 434 1293; x_wconf 87' lang='grc' dir='ltr'>κατ</span> <span class='ocrx_word' id='word_1_79' title='bbox 482 1227 554 1291; x_wconf 88' lang='grc' dir='ltr'><strong>Αυτ.</strong></span> <span class='ocrx_word' id='word_1_80' title='bbox 602 1228 742 1291; x_wconf 81' lang='grc' dir='ltr'>Ηειοδον</span> <span class='ocrx_word' id='word_1_81' title='bbox 778 1228 874 1307; x_wconf 76' lang='grc' dir='ltr'>φηεὶν</span> <span class='ocrx_word' id='word_1_82' title='bbox 909 1225 993 1293; x_wconf 79' lang='grc' dir='ltr'>εἶναι</span> <span class='ocrx_word' id='word_1_83' title='bbox 1027 1226 1193 1307; x_wconf 85' lang='grc' dir='ltr'>παροιμίαν.</span> 
     </span>
     <span class='ocr_line' id='line_1_13' title="bbox 238 1309 811 1396; baseline -0.002 -20"><span class='ocrx_word' id='word_1_84' title='bbox 238 1310 339 1376; x_wconf 81' lang='lat' dir='ltr'><strong>Miah.</strong></span> <span class='ocrx_word' id='word_1_85' title='bbox 362 1312 485 1396; x_wconf 84' lang='lat' dir='ltr'><strong>Apost.</strong></span> <span class='ocrx_word' id='word_1_86' title='bbox 502 1330 596 1396; x_wconf 87' lang='lat' dir='ltr'><strong>prov.</strong></span> <span class='ocrx_word' id='word_1_87' title='bbox 618 1320 703 1375; x_wconf 80' lang='lat' dir='ltr'><strong>cent.</strong></span> <span class='ocrx_word' id='word_1_88' title='bbox 727 1309 757 1391; x_wconf 85' lang='lat'>9,</span> <span class='ocrx_word' id='word_1_89' title='bbox 780 1310 811 1375; x_wconf 88' lang='lat'>6.</span> 
     </span>
    </p>

    <p class='ocr_par' dir='ltr' id='par_1_10' title="bbox 195 1391 1194 1628">
     <span class='ocr_line' id='line_1_14' title="bbox 195 1391 1194 1479; baseline -0.002 -20"><span class='ocrx_word' id='word_1_90' title='bbox 195 1411 221 1451; x_wconf 72' lang='grc' dir='ltr'>ο</span> <span class='ocrx_word' id='word_1_91' title='bbox 324 1395 378 1459; x_wconf 87' lang='grc'>61.</span> <span class='ocrx_word' id='word_1_92' title='bbox 406 1391 555 1478; x_wconf 81' lang='grc' dir='ltr'>Εὔηνος·</span> <span class='ocrx_word' id='word_1_93' title='bbox 584 1394 656 1459; x_wconf 90' lang='grc' dir='ltr'>Ὑπ.</span> <span class='ocrx_word' id='word_1_94' title='bbox 684 1394 720 1461; x_wconf 90' lang='grc' dir='ltr'>ἐν</span> <span class='ocrx_word' id='word_1_95' title='bbox 746 1402 793 1479; x_wconf 82' lang='grc' dir='ltr'>τῷ</span> <span class='ocrx_word' id='word_1_96' title='bbox 814 1394 889 1461; x_wconf 80' lang='grc' dir='ltr'>κατ’</span> <span class='ocrx_word' id='word_1_97' title='bbox 909 1394 992 1461; x_wconf 88' lang='grc' dir='ltr'><strong>Αὐτ..</strong></span> <span class='ocrx_word' id='word_1_98' title='bbox 1020 1392 1047 1476; x_wconf 91' lang='grc' dir='ltr'>β’</span> <span class='ocrx_word' id='word_1_99' title='bbox 1070 1393 1194 1474; x_wconf 84' lang='grc' dir='ltr'>ἀναγρά-</span> 
     </span>
     <span class='ocr_line' id='line_1_15' title="bbox 238 1479 1194 1628; baseline 0 -83"><span class='ocrx_word' id='word_1_100' title='bbox 238 1479 529 1628; x_wconf 62' lang='grc' dir='ltr'>(λρονεινΗΕὐήνουε</span> <span class='ocrx_word' id='word_1_101' title='bbox 555 1479 706 1554; x_wconf 80' lang='grc' dir='ltr'>ἐλεγείων</span> <span class='ocrx_word' id='word_1_102' title='bbox 734 1480 869 1560; x_wconf 76' lang='grc' dir='ltr'>ποιητὰ(</span> <span class='ocrx_word' id='word_1_103' title='bbox 895 1479 1092 1561; x_wconf 76' lang='grc' dir='ltr'>ὁμωνύμου(</span> <span class='ocrx_word' id='word_1_104' title='bbox 1113 1479 1194 1556; x_wconf 82' lang='grc' dir='ltr'><strong><em>ἀλλή-</em></strong></span> 
     </span>
    </p>

    <p class='ocr_par' dir='ltr' id='par_1_11' title="bbox 259 1584 523 1648">
     <span class='ocr_line' id='line_1_16' title="bbox 259 1584 523 1648; baseline -0.015 -19"><span class='ocrx_word' id='word_1_105' title='bbox 259 1584 317 1629; x_wconf 85' lang='grc' dir='ltr'>οκ.</span> <span class='ocrx_word' id='word_1_106' title='bbox 396 1584 523 1648; x_wconf 70' lang='lat' dir='ltr'><strong>aspocr.</strong></span> 
     </span>
    </p>

    <p class='ocr_par' dir='ltr' id='par_1_12' title="bbox 199 1646 1195 1820">
     <span class='ocr_line' id='line_1_17' title="bbox 199 1646 1195 1730; baseline 0.004 -18"><span class='ocrx_word' id='word_1_107' title='bbox 199 1663 225 1705; x_wconf 79' lang='lat'>6³</span> <span class='ocrx_word' id='word_1_108' title='bbox 323 1646 376 1712; x_wconf 80' lang='lat'>62.</span> <span class='ocrx_word' id='word_1_109' title='bbox 407 1647 614 1712; x_wconf 73' lang='grc' dir='ltr'><strong><em>κατέλευσαν</em></strong></span> <span class='ocrx_word' id='word_1_110' title='bbox 641 1650 743 1715; x_wconf 79' lang='grc' dir='ltr'>λίθοι(</span> <span class='ocrx_word' id='word_1_111' title='bbox 772 1650 968 1729; x_wconf 60' lang='grc' dir='ltr'>κατέβαλον</span> <span class='ocrx_word' id='word_1_112' title='bbox 1001 1648 1075 1715; x_wconf 87' lang='grc' dir='ltr'>Ὑπ.</span> <span class='ocrx_word' id='word_1_113' title='bbox 1102 1651 1195 1730; x_wconf 78' lang='grc' dir='ltr'>ἐντῷ</span> 
     </span>
     <span class='ocr_line' id='line_1_18' title="bbox 237 1733 729 1820; baseline -0.002 -23"><span class='ocrx_word' id='word_1_114' title='bbox 237 1733 306 1798; x_wconf 79' lang='grc' dir='ltr'>κατ’</span> <span class='ocrx_word' id='word_1_115' title='bbox 326 1733 536 1799; x_wconf 67' lang='grc' dir='ltr'>Αὐτοκλέους.</span> <span class='ocrx_word' id='word_1_116' title='bbox 559 1770 601 1780; x_wconf 88' lang='grc'><strong>-</strong></span> <span class='ocrx_word' id='word_1_117' title='bbox 623 1733 729 1820; x_wconf 88' lang='lat' dir='ltr'><strong>Harp.</strong></span> 
     </span>
    </p>

    <p class='ocr_par' dir='ltr' id='par_1_13' title="bbox 199 1817 1196 2071">
     <span class='ocr_line' id='line_1_19' title="bbox 199 1817 1194 1898; baseline 0 -16"><span class='ocrx_word' id='word_1_118' title='bbox 199 1834 226 1875; x_wconf 68' lang='grc' dir='ltr'><strong><em>α</em></strong></span> <span class='ocrx_word' id='word_1_119' title='bbox 323 1817 376 1882; x_wconf 85' lang='grc'>63.</span> <span class='ocrx_word' id='word_1_120' title='bbox 398 1817 461 1883; x_wconf 80' lang='grc' dir='ltr'>Ἠν</span> <span class='ocrx_word' id='word_1_121' title='bbox 483 1820 520 1883; x_wconf 80' lang='grc' dir='ltr'>δὲ</span> <span class='ocrx_word' id='word_1_122' title='bbox 541 1819 594 1883; x_wconf 86' lang='grc' dir='ltr'>καὶ</span> <span class='ocrx_word' id='word_1_123' title='bbox 608 1817 719 1896; x_wconf 70' lang='grc' dir='ltr'>ἕτερος</span> <span class='ocrx_word' id='word_1_124' title='bbox 736 1818 889 1884; x_wconf 82' lang='grc' dir='ltr'>Κολωνόε</span> <span class='ocrx_word' id='word_1_125' title='bbox 910 1818 995 1898; x_wconf 76' lang='grc' dir='ltr'>πρὸ(</span> <span class='ocrx_word' id='word_1_126' title='bbox 1015 1820 1055 1885; x_wconf 88' lang='grc' dir='ltr'>τὸ</span> <span class='ocrx_word' id='word_1_127' title='bbox 1069 1822 1130 1885; x_wconf 82' lang='grc' dir='ltr'>τοῦ</span> <span class='ocrx_word' id='word_1_128' title='bbox 1142 1818 1194 1883; x_wconf 75' lang='lat' dir='ltr'>Ha</span> 
     </span>
     <span class='ocr_line' id='line_1_20' title="bbox 239 1899 1196 1987; baseline -0.003 -18"><span class='ocrx_word' id='word_1_129' title='bbox 239 1906 393 1969; x_wconf 79' lang='grc' dir='ltr'>(ειοῶνοε</span> <span class='ocrx_word' id='word_1_130' title='bbox 413 1901 503 1983; x_wconf 82' lang='grc' dir='ltr'>ἱερόν</span> <span class='ocrx_word' id='word_1_131' title='bbox 510 1952 520 1987; x_wconf 84' lang='grc'>,</span> <span class='ocrx_word' id='word_1_132' title='bbox 549 1903 595 1968; x_wconf 80' lang='grc' dir='ltr'>ὼε</span> <span class='ocrx_word' id='word_1_133' title='bbox 616 1902 689 1968; x_wconf 89' lang='grc' dir='ltr'>Ὑπ.</span> <span class='ocrx_word' id='word_1_134' title='bbox 712 1902 747 1967; x_wconf 84' lang='grc' dir='ltr'>ἐν</span> <span class='ocrx_word' id='word_1_135' title='bbox 769 1910 816 1987; x_wconf 86' lang='grc' dir='ltr'>τῷ</span> <span class='ocrx_word' id='word_1_136' title='bbox 838 1902 912 1970; x_wconf 78' lang='grc' dir='ltr'>κατ’</span> <span class='ocrx_word' id='word_1_137' title='bbox 933 1903 1024 1969; x_wconf 85' lang='grc' dir='ltr'><strong>Αὐτ.·</strong></span> <span class='ocrx_word' id='word_1_138' title='bbox 1054 1903 1151 1970; x_wconf 69' lang='grc' dir='ltr'>οὗτος</span> <span class='ocrx_word' id='word_1_139' title='bbox 1172 1899 1196 1966; x_wconf 74' lang='grc' dir='ltr'>λ’</span> 
     </span>
     <span class='ocr_line' id='line_1_21' title="bbox 239 1986 1155 2071; baseline 0.001 -19"><span class='ocrx_word' id='word_1_140' title='bbox 239 1988 280 2053; x_wconf 84' lang='grc' dir='ltr'>ἂν</span> <span class='ocrx_word' id='word_1_141' title='bbox 302 1986 351 2067; x_wconf 83' lang='grc' dir='ltr'>εἴη</span> <span class='ocrx_word' id='word_1_142' title='bbox 373 1987 393 2051; x_wconf 86' lang='grc'><strong>6</strong></span> <span class='ocrx_word' id='word_1_143' title='bbox 415 1993 481 2053; x_wconf 82' lang='grc' dir='ltr'>τῶν</span> <span class='ocrx_word' id='word_1_144' title='bbox 502 1987 640 2052; x_wconf 83' lang='grc' dir='ltr'>ἱππέων.</span> <span class='ocrx_word' id='word_1_145' title='bbox 662 2024 705 2034; x_wconf 91' lang='grc'><strong>-</strong></span> <span class='ocrx_word' id='word_1_146' title='bbox 726 1986 832 2071; x_wconf 89' lang='lat' dir='ltr'><strong>Harp.</strong></span> <span class='ocrx_word' id='word_1_147' title='bbox 856 2003 891 2052; x_wconf 58' lang='lat' dir='ltr'><em>ss</em></span> <span class='ocrx_word' id='word_1_148' title='bbox 904 2010 934 2051; x_wconf 90' lang='lat' dir='ltr'>v.</span> <span class='ocrx_word' id='word_1_149' title='bbox 959 1989 1155 2056; x_wconf 77' lang='grc' dir='ltr'>Κολωνέταε.</span> 
     </span>
    </p>

    <p class='ocr_par' dir='ltr' id='par_1_14' title="bbox 199 2069 1213 2328">
     <span class='ocr_line' id='line_1_22' title="bbox 199 2069 1194 2155; baseline 0.006 -25"><span class='ocrx_word' id='word_1_150' title='bbox 199 2089 225 2130; x_wconf 81' lang='grc' dir='ltr'><strong><em>α</em></strong></span> <span class='ocrx_word' id='word_1_151' title='bbox 323 2071 376 2135; x_wconf 92' lang='grc'>64.</span> <span class='ocrx_word' id='word_1_152' title='bbox 400 2070 592 2154; x_wconf 83' lang='grc' dir='ltr'><strong><em>Μηλόβιος·</em></strong></span> <span class='ocrx_word' id='word_1_153' title='bbox 615 2070 689 2136; x_wconf 84' lang='grc' dir='ltr'>Ὑπ.</span> <span class='ocrx_word' id='word_1_154' title='bbox 713 2072 748 2138; x_wconf 87' lang='grc' dir='ltr'>ἐν</span> <span class='ocrx_word' id='word_1_155' title='bbox 770 2079 816 2155; x_wconf 81' lang='grc' dir='ltr'>τῷ</span> <span class='ocrx_word' id='word_1_156' title='bbox 831 2073 899 2137; x_wconf 86' lang='grc' dir='ltr'>κατ’</span> <span class='ocrx_word' id='word_1_157' title='bbox 919 2072 1066 2139; x_wconf 78' lang='grc' dir='ltr'>Αὐτοκλ..</span> <span class='ocrx_word' id='word_1_158' title='bbox 1089 2074 1151 2138; x_wconf 82' lang='grc' dir='ltr'>ἔετι</span> <span class='ocrx_word' id='word_1_159' title='bbox 1166 2069 1194 2136; x_wconf 78' lang='grc' dir='ltr'>δὲ</span> 
     </span>
     <span class='ocr_line' id='line_1_23' title="bbox 239 2156 1193 2238; baseline 0.004 -17"><span class='ocrx_word' id='word_1_160' title='bbox 239 2156 285 2222; x_wconf 82' lang='grc' dir='ltr'>είε</span> <span class='ocrx_word' id='word_1_161' title='bbox 321 2163 390 2222; x_wconf 84' lang='grc' dir='ltr'>τῶν</span> <span class='ocrx_word' id='word_1_162' title='bbox 428 2156 456 2221; x_wconf 83' lang='grc' dir='ltr'>λ’</span> <span class='ocrx_word' id='word_1_163' title='bbox 496 2160 565 2221; x_wconf 87' lang='grc' dir='ltr'>τῶν</span> <span class='ocrx_word' id='word_1_164' title='bbox 600 2157 683 2236; x_wconf 77' lang='grc' dir='ltr'>παρ’</span> <span class='ocrx_word' id='word_1_165' title='bbox 716 2156 894 2237; x_wconf 73' lang='grc' dir='ltr'>Ἀθηναῖοι(</span> <span class='ocrx_word' id='word_1_166' title='bbox 926 2158 1193 2238; x_wconf 66' lang='grc' dir='ltr'>τυραννηεάνταα.</span> 
     </span>
     <span class='ocr_line' id='line_1_24' title="bbox 237 2239 1213 2328; baseline -0.001 -24"><span class='ocrx_word' id='word_1_167' title='bbox 237 2239 399 2328; x_wconf 86' lang='lat' dir='ltr'><strong>Harpocr.</strong></span> <span class='ocrx_word' id='word_1_168' title='bbox 423 2239 514 2305; x_wconf 80' lang='lat' dir='ltr'><strong>suid.</strong></span> <span class='ocrx_word' id='word_1_169' title='bbox 537 2239 635 2306; x_wconf 84' lang='lat' dir='ltr'><strong>Phot.</strong></span> <span class='ocrx_word' id='word_1_170' title='bbox 1207 2261 1213 2270; x_wconf 94' lang='lat'>·</span> 
     </span>
    </p>

    <p class='ocr_par' dir='ltr' id='par_1_15' title="bbox 199 2323 1193 2497">
     <span class='ocr_line' id='line_1_25' title="bbox 199 2323 1193 2410; baseline 0.01 -27"><span class='ocrx_word' id='word_1_171' title='bbox 199 2342 226 2383; x_wconf 81' lang='grc' dir='ltr'><strong><em>α</em></strong></span> <span class='ocrx_word' id='word_1_172' title='bbox 266 2362 273 2378; x_wconf 75' lang='lat'>‹</span> <span class='ocrx_word' id='word_1_173' title='bbox 325 2323 378 2390; x_wconf 85' lang='lat'>65.</span> <span class='ocrx_word' id='word_1_174' title='bbox 400 2323 634 2407; x_wconf 69' lang='grc' dir='ltr'>ποδοστράβῃ·</span> <span class='ocrx_word' id='word_1_175' title='bbox 664 2324 737 2391; x_wconf 84' lang='grc' dir='ltr'>Ὑπ.</span> <span class='ocrx_word' id='word_1_176' title='bbox 767 2325 804 2391; x_wconf 80' lang='grc' dir='ltr'>ἔν</span> <span class='ocrx_word' id='word_1_177' title='bbox 826 2348 861 2391; x_wconf 88' lang='grc' dir='ltr'>τε</span> <span class='ocrx_word' id='word_1_178' title='bbox 882 2332 929 2410; x_wconf 83' lang='grc' dir='ltr'>τῷ</span> <span class='ocrx_word' id='word_1_179' title='bbox 950 2327 1019 2392; x_wconf 82' lang='grc' dir='ltr'>κατ’</span> <span class='ocrx_word' id='word_1_180' title='bbox 1040 2324 1193 2408; x_wconf 61' lang='grc' dir='ltr'>Ἀθηνογὲ</span> 
     </span>
     <span class='ocr_line' id='line_1_26' title="bbox 237 2408 912 2497; baseline 0 -24"><span class='ocrx_word' id='word_1_181' title='bbox 237 2429 317 2474; x_wconf 84' lang='grc' dir='ltr'>νουε</span> <span class='ocrx_word' id='word_1_182' title='bbox 339 2410 388 2474; x_wconf 81' lang='grc' dir='ltr'>καὶ</span> <span class='ocrx_word' id='word_1_183' title='bbox 411 2409 446 2474; x_wconf 83' lang='grc' dir='ltr'>ἐν</span> <span class='ocrx_word' id='word_1_184' title='bbox 468 2415 515 2474; x_wconf 84' lang='grc' dir='ltr'>τῶ</span> <span class='ocrx_word' id='word_1_185' title='bbox 536 2410 604 2475; x_wconf 82' lang='grc' dir='ltr'>κατ’</span> <span class='ocrx_word' id='word_1_186' title='bbox 625 2410 761 2476; x_wconf 78' lang='grc' dir='ltr'>Αὐτοκλ.</span> <span class='ocrx_word' id='word_1_187' title='bbox 806 2408 912 2497; x_wconf 89' lang='lat' dir='ltr'><strong>Harp.</strong></span> 
     </span>
    </p>
   </div>
   <div class='ocr_carea' id='block_1_3' title="bbox 198 2474 1195 3087">
    <p class='ocr_par' dir='ltr' id='par_1_16' title="bbox 199 2474 1194 2748">
     <span class='ocr_line' id='line_1_27' title="bbox 199 2474 1194 2580; baseline 0.005 -29"><span class='ocrx_word' id='word_1_188' title='bbox 199 2510 224 2551; x_wconf 80' lang='grc' dir='ltr'><strong><em>α</em></strong></span> <span class='ocrx_word' id='word_1_189' title='bbox 323 2492 374 2557; x_wconf 90' lang='grc'>66.</span> <span class='ocrx_word' id='word_1_190' title='bbox 398 2494 470 2558; x_wconf 85' lang='grc' dir='ltr'>Ὑπ.</span> <span class='ocrx_word' id='word_1_191' title='bbox 493 2474 529 2558; x_wconf 76' lang='grc' dir='ltr'>ἕν</span> <span class='ocrx_word' id='word_1_192' title='bbox 551 2501 597 2559; x_wconf 85' lang='grc' dir='ltr'>τῶ</span> <span class='ocrx_word' id='word_1_193' title='bbox 620 2495 687 2560; x_wconf 80' lang='grc' dir='ltr'>κατ’</span> <span class='ocrx_word' id='word_1_194' title='bbox 700 2494 835 2561; x_wconf 79' lang='grc' dir='ltr'>Αὐτοκλ.</span> <span class='ocrx_word' id='word_1_195' title='bbox 857 2496 1049 2575; x_wconf 82' lang='grc' dir='ltr'>προδοείαε·</span> <span class='ocrx_word' id='word_1_196' title='bbox 1073 2495 1194 2580; x_wconf 77' lang='grc' dir='ltr'>ῥητορι-</span> 
     </span>
     <span class='ocr_line' id='line_1_28' title="bbox 237 2558 1194 2661; baseline -0.001 -19"><span class='ocrx_word' id='word_1_197' title='bbox 237 2581 299 2661; x_wconf 80' lang='grc' dir='ltr'>κῆς</span> <span class='ocrx_word' id='word_1_198' title='bbox 321 2577 359 2642; x_wconf 77' lang='grc' dir='ltr'>ἐκ</span> <span class='ocrx_word' id='word_1_199' title='bbox 382 2576 492 2661; x_wconf 76' lang='grc' dir='ltr'>δήμου</span> <span class='ocrx_word' id='word_1_200' title='bbox 519 2558 602 2660; x_wconf 72' lang='lat' dir='ltr'><strong>(scil.</strong></span> <span class='ocrx_word' id='word_1_201' title='bbox 626 2580 782 2659; x_wconf 81' lang='grc' dir='ltr'>γραφῆε)·</span> <span class='ocrx_word' id='word_1_202' title='bbox 811 2578 874 2645; x_wconf 80' lang='grc' dir='ltr'>ἔετι</span> <span class='ocrx_word' id='word_1_203' title='bbox 901 2582 964 2659; x_wconf 89' lang='grc' dir='ltr'>γὰρ</span> <span class='ocrx_word' id='word_1_204' title='bbox 991 2582 1044 2646; x_wconf 79' lang='grc' dir='ltr'>καί</span> <span class='ocrx_word' id='word_1_205' title='bbox 1071 2581 1108 2647; x_wconf 79' lang='grc' dir='ltr'>ἐκ</span> <span class='ocrx_word' id='word_1_206' title='bbox 1134 2585 1194 2661; x_wconf 65' lang='lat' dir='ltr'>flata</span> 
     </span>
     <span class='ocr_line' id='line_1_29' title="bbox 237 2662 860 2748; baseline -0.002 -20"><span class='ocrx_word' id='word_1_207' title='bbox 237 2666 304 2741; x_wconf 82' lang='grc' dir='ltr'>λῆε.</span> <span class='ocrx_word' id='word_1_208' title='bbox 342 2662 426 2728; x_wconf 87' lang='lat' dir='ltr'><strong>Lex.</strong></span> <span class='ocrx_word' id='word_1_209' title='bbox 450 2663 632 2748; x_wconf 82' lang='lat' dir='ltr'><strong>cantabrig.</strong></span> <span class='ocrx_word' id='word_1_210' title='bbox 656 2686 689 2748; x_wconf 86' lang='lat' dir='ltr'>p.</span> <span class='ocrx_word' id='word_1_211' title='bbox 712 2663 784 2742; x_wconf 89' lang='grc'><strong>677,</strong></span> <span class='ocrx_word' id='word_1_212' title='bbox 809 2664 860 2728; x_wconf 88' lang='grc'>16.</span> 
     </span>
    </p>

    <p class='ocr_par' dir='ltr' id='par_1_17' title="bbox 198 2747 1195 3087">
     <span class='ocr_line' id='line_1_30' title="bbox 198 2747 1193 2830; baseline 0.003 -21"><span class='ocrx_word' id='word_1_213' title='bbox 198 2764 225 2804; x_wconf 76' lang='grc' dir='ltr'>α</span> <span class='ocrx_word' id='word_1_214' title='bbox 322 2747 374 2810; x_wconf 92' lang='grc'>67.</span> <span class='ocrx_word' id='word_1_215' title='bbox 398 2748 593 2830; x_wconf 77' lang='grc' dir='ltr'>στρατηγοί·</span> <span class='ocrx_word' id='word_1_216' title='bbox 617 2784 662 2795; x_wconf 93' lang='grc'><strong>-</strong></span> <span class='ocrx_word' id='word_1_217' title='bbox 683 2749 716 2814; x_wconf 80' lang='grc' dir='ltr'>οἱ</span> <span class='ocrx_word' id='word_1_218' title='bbox 736 2748 805 2813; x_wconf 85' lang='grc' dir='ltr'>καθ’</span> <span class='ocrx_word' id='word_1_219' title='bbox 828 2749 961 2816; x_wconf 71' lang='grc' dir='ltr'>ἕκαςτον</span> <span class='ocrx_word' id='word_1_220' title='bbox 977 2749 1128 2816; x_wconf 87' lang='grc' dir='ltr'>ἐνιαυτὸν</span> <span class='ocrx_word' id='word_1_221' title='bbox 1142 2767 1193 2828; x_wconf 85' lang='grc' dir='ltr'>χει·</span> 
     </span>
     <span class='ocr_line' id='line_1_31' title="bbox 238 2831 1195 2916; baseline 0 -20"><span class='ocrx_word' id='word_1_222' title='bbox 238 2831 473 2911; x_wconf 82' lang='grc' dir='ltr'>ροτονούμενοι</span> <span class='ocrx_word' id='word_1_223' title='bbox 494 2835 663 2912; x_wconf 79' lang='grc' dir='ltr'>ετρατηγοὶ</span> <span class='ocrx_word' id='word_1_224' title='bbox 688 2832 707 2898; x_wconf 84' lang='grc' dir='ltr'>ι’</span> <span class='ocrx_word' id='word_1_225' title='bbox 729 2834 824 2916; x_wconf 79' lang='grc' dir='ltr'>ἦεαν,</span> <span class='ocrx_word' id='word_1_226' title='bbox 852 2834 897 2900; x_wconf 81' lang='grc' dir='ltr'>ὼε</span> <span class='ocrx_word' id='word_1_227' title='bbox 924 2838 1038 2916; x_wconf 76' lang='grc' dir='ltr'>μαθεῖν</span> <span class='ocrx_word' id='word_1_228' title='bbox 1065 2831 1195 2901; x_wconf 74' lang='grc' dir='ltr'>ἔετινέκ</span> 
     </span>
     <span class='ocr_line' id='line_1_32' title="bbox 235 2916 1194 3000; baseline 0.002 -19"><span class='ocrx_word' id='word_1_229' title='bbox 235 2936 271 2981; x_wconf 91' lang='grc' dir='ltr'>τε</span> <span class='ocrx_word' id='word_1_230' title='bbox 292 2920 359 2982; x_wconf 85' lang='grc' dir='ltr'>τῶν</span> <span class='ocrx_word' id='word_1_231' title='bbox 380 2916 553 2997; x_wconf 79' lang='grc' dir='ltr'>Ὑπερίδου</span> <span class='ocrx_word' id='word_1_232' title='bbox 575 2918 644 2982; x_wconf 79' lang='grc' dir='ltr'>κατ’</span> <span class='ocrx_word' id='word_1_233' title='bbox 664 2916 798 2984; x_wconf 78' lang='grc' dir='ltr'>Αὐτοκλ.</span> <span class='ocrx_word' id='word_1_234' title='bbox 822 2919 873 2984; x_wconf 87' lang='grc' dir='ltr'>καὶ</span> <span class='ocrx_word' id='word_1_235' title='bbox 894 2919 929 2998; x_wconf 80' lang='grc' dir='ltr'>ἐκ</span> <span class='ocrx_word' id='word_1_236' title='bbox 950 2922 1007 2998; x_wconf 75' lang='grc' dir='ltr'>τῆ(</span> <span class='ocrx_word' id='word_1_237' title='bbox 1028 2916 1194 3000; x_wconf 81' lang='grc' dir='ltr'>Ἀθηναίων</span> 
     </span>
     <span class='ocr_line' id='line_1_33' title="bbox 236 3000 819 3087; baseline -0.002 -21"><span class='ocrx_word' id='word_1_238' title='bbox 236 3001 400 3067; x_wconf 71' lang='grc' dir='ltr'>πολιτεία(</span> <span class='ocrx_word' id='word_1_239' title='bbox 421 3001 668 3081; x_wconf 76' lang='grc' dir='ltr'>Ἀριετοτέλονε.</span> <span class='ocrx_word' id='word_1_240' title='bbox 709 3000 819 3087; x_wconf 83' lang='lat' dir='ltr'><strong>Harp.</strong></span> 
     </span>
    </p>
   </div>
   <div class='ocr_carea' id='block_1_4' title="bbox 234 3185 1195 3597">
    <p class='ocr_par' dir='ltr' id='par_1_18' title="bbox 234 3185 1195 3597">
     <span class='ocr_line' id='line_1_34' title="bbox 235 3185 1193 3256; baseline 0.001 -17"><span class='ocrx_word' id='word_1_241' title='bbox 235 3185 303 3252; x_wconf 85' lang='grc' dir='ltr'>ρεὺε</span> <span class='ocrx_word' id='word_1_242' title='bbox 320 3186 351 3237; x_wconf 83' lang='lat' dir='ltr'>C.</span> <span class='ocrx_word' id='word_1_243' title='bbox 381 3212 414 3225; x_wconf 92' lang='lat'>—·</span> <span class='ocrx_word' id='word_1_244' title='bbox 444 3190 478 3240; x_wconf 88' lang='grc'>60</span> <span class='ocrx_word' id='word_1_245' title='bbox 498 3189 637 3256; x_wconf 77' lang='lat' dir='ltr'><strong>integram</strong></span> <span class='ocrx_word' id='word_1_246' title='bbox 659 3190 830 3256; x_wconf 75' lang='lat' dir='ltr'><strong>paroemiam</strong></span> <span class='ocrx_word' id='word_1_247' title='bbox 845 3190 934 3255; x_wconf 84' lang='lat' dir='ltr'><strong>Harp.</strong></span> <span class='ocrx_word' id='word_1_248' title='bbox 959 3207 995 3242; x_wconf 81' lang='lat' dir='ltr'>ax</span> <span class='ocrx_word' id='word_1_249' title='bbox 1016 3190 1193 3256; x_wconf 69' lang='lat' dir='ltr'>Aristophane</span> 
     </span>
     <span class='ocr_line' id='line_1_35' title="bbox 236 3255 1194 3325; baseline 0.006 -20"><span class='ocrx_word' id='word_1_250' title='bbox 236 3256 418 3322; x_wconf 71' lang='lat' dir='ltr'><strong>grammatico</strong></span> <span class='ocrx_word' id='word_1_251' title='bbox 441 3255 534 3319; x_wconf 78' lang='lat' dir='ltr'><strong>addit,</strong></span> <span class='ocrx_word' id='word_1_252' title='bbox 555 3258 629 3308; x_wconf 84' lang='lat' dir='ltr'><strong>unde</strong></span> <span class='ocrx_word' id='word_1_253' title='bbox 652 3255 773 3325; x_wconf 74' lang='lat' dir='ltr'><strong>colligas</strong></span> <span class='ocrx_word' id='word_1_254' title='bbox 794 3259 965 3324; x_wconf 80' lang='lat' dir='ltr'>Hyperidem</span> <span class='ocrx_word' id='word_1_255' title='bbox 985 3275 1044 3310; x_wconf 77' lang='lat' dir='ltr'>non</span> <span class='ocrx_word' id='word_1_256' title='bbox 1065 3262 1194 3325; x_wconf 66' lang='lat' dir='ltr'>integrum</span> 
     </span>
     <span class='ocr_line' id='line_1_36' title="bbox 235 3322 1194 3392; baseline 0 -17"><span class='ocrx_word' id='word_1_257' title='bbox 235 3339 298 3375; x_wconf 83' lang='lat' dir='ltr'>eam</span> <span class='ocrx_word' id='word_1_258' title='bbox 316 3322 456 3373; x_wconf 75' lang='lat' dir='ltr'><strong>laudasse.</strong></span> <span class='ocrx_word' id='word_1_259' title='bbox 477 3349 502 3359; x_wconf 94' lang='lat'><em>-</em></span> <span class='ocrx_word' id='word_1_260' title='bbox 526 3326 558 3374; x_wconf 85' lang='grc'>61</span> <span class='ocrx_word' id='word_1_261' title='bbox 577 3325 723 3392; x_wconf 80' lang='lat' dir='ltr'><strong>Kiaasling</strong></span> <span class='ocrx_word' id='word_1_262' title='bbox 739 3341 836 3377; x_wconf 75' lang='lat' dir='ltr'><strong>venua</strong></span> <span class='ocrx_word' id='word_1_263' title='bbox 854 3327 946 3377; x_wconf 78' lang='lat' dir='ltr'><strong>Eueni</strong></span> <span class='ocrx_word' id='word_1_264' title='bbox 963 3328 1010 3392; x_wconf 78' lang='lat' dir='ltr'>qui</span> <span class='ocrx_word' id='word_1_265' title='bbox 1029 3331 1141 3379; x_wconf 78' lang='lat' dir='ltr'><strong>exstant</strong></span> <span class='ocrx_word' id='word_1_266' title='bbox 1156 3339 1194 3388; x_wconf 78' lang='lat' dir='ltr'>ap.</span> 
     </span>
     <span class='ocr_line' id='line_1_37' title="bbox 236 3390 1193 3460; baseline 0.003 -19"><span class='ocrx_word' id='word_1_267' title='bbox 236 3390 473 3454; x_wconf 77' lang='lat' dir='ltr'><strong>stob.Flor.51,</strong></span> <span class='ocrx_word' id='word_1_268' title='bbox 493 3393 524 3442; x_wconf 89' lang='grc'>17</span> <span class='ocrx_word' id='word_1_269' title='bbox 547 3392 583 3442; x_wconf 82' lang='lat' dir='ltr'>ab</span> <span class='ocrx_word' id='word_1_270' title='bbox 604 3391 747 3459; x_wconf 75' lang='lat' dir='ltr'>Hyperide</span> <span class='ocrx_word' id='word_1_271' title='bbox 770 3393 871 3446; x_wconf 80' lang='lat' dir='ltr'><strong>allatos</strong></span> <span class='ocrx_word' id='word_1_272' title='bbox 893 3399 985 3460; x_wconf 82' lang='lat' dir='ltr'><strong>putat.</strong></span> <span class='ocrx_word' id='word_1_273' title='bbox 1013 3420 1050 3432; x_wconf 87' lang='grc'><strong>-</strong></span> <span class='ocrx_word' id='word_1_274' title='bbox 1078 3395 1111 3446; x_wconf 83' lang='grc'>64</span> <span class='ocrx_word' id='word_1_275' title='bbox 1133 3391 1193 3443; x_wconf 69' lang='lat' dir='ltr'>eoa</span> 
     </span>
     <span class='ocr_line' id='line_1_38' title="bbox 234 3457 1195 3528; baseline 0.01 -22"><span class='ocrx_word' id='word_1_276' title='bbox 234 3459 385 3508; x_wconf 75' lang='lat' dir='ltr'><strong>iunxerunt</strong></span> <span class='ocrx_word' id='word_1_277' title='bbox 407 3458 552 3523; x_wconf 80' lang='lat' dir='ltr'><strong>Kiesaling</strong></span> <span class='ocrx_word' id='word_1_278' title='bbox 574 3464 603 3509; x_wconf 76' lang='lat' dir='ltr'>et</span> <span class='ocrx_word' id='word_1_279' title='bbox 618 3459 658 3515; x_wconf 60' lang='grc'>’6.</span> <span class='ocrx_word' id='word_1_280' title='bbox 682 3461 759 3513; x_wconf 87' lang='lat' dir='ltr'><strong>aliud</strong></span> <span class='ocrx_word' id='word_1_281' title='bbox 781 3462 980 3528; x_wconf 74' lang='lat' dir='ltr'><strong>fragmentum:</strong></span> <span class='ocrx_word' id='word_1_282' title='bbox 1010 3457 1195 3528; x_wconf 71' lang='grc' dir='ltr'>Δρακοντίδη(</span> 
     </span>
     <span class='ocr_line' id='line_1_39' title="bbox 235 3520 1195 3597; baseline 0.009 -23"><span class='ocrx_word' id='word_1_283' title='bbox 235 3521 277 3576; x_wconf 80' lang='grc' dir='ltr'>εί(</span> <span class='ocrx_word' id='word_1_284' title='bbox 299 3526 362 3576; x_wconf 84' lang='grc' dir='ltr'>τῶν</span> <span class='ocrx_word' id='word_1_285' title='bbox 384 3520 420 3576; x_wconf 85' lang='grc' dir='ltr'>λ’·</span> <span class='ocrx_word' id='word_1_286' title='bbox 452 3523 601 3591; x_wconf 81' lang='grc' dir='ltr'>Ύπερίδηε</span> <span class='ocrx_word' id='word_1_287' title='bbox 624 3527 790 3597; x_wconf 63' lang='lat' dir='ltr'><strong>(Barpana).</strong></span> <span class='ocrx_word' id='word_1_288' title='bbox 818 3556 851 3566; x_wconf 91' lang='lat'>—</span> <span class='ocrx_word' id='word_1_289' title='bbox 881 3532 914 3581; x_wconf 79' lang='grc'>67</span> <span class='ocrx_word' id='word_1_290' title='bbox 941 3530 973 3582; x_wconf 84' lang='grc' dir='ltr'>ἐκ</span> <span class='ocrx_word' id='word_1_291' title='bbox 994 3533 1047 3582; x_wconf 77' lang='grc' dir='ltr'>τοῦ</span> <span class='ocrx_word' id='word_1_292' title='bbox 1069 3527 1195 3594; x_wconf 67' lang='grc' dir='ltr'>ὑπερίδολ</span> 
     </span>
    </p>
   </div>
   <div class='ocr_carea' id='block_1_5' title="bbox 0 0 1240 3940">
    <p class='ocr_par' dir='ltr' id='par_1_19' title="bbox 0 0 1240 3940">
     <span class='ocr_line' id='line_1_40' title="bbox 0 0 1240 3940; baseline 0 0"><span class='ocrx_word' id='word_1_293' title='bbox 0 0 1240 3940; x_wconf 95' lang='lat' dir='ltr'> </span> 
     </span>
    </p>
   </div>
  </div>
 </body>
</html>
