2467 3942
48 190 158 261 μοι.
227 132 228 135 ¹
344 180 459 240 xm
478 138 772 241 Λυακεευουα
1022 173 1065 241 ευ

46 379 86 421 τι
107 349 242 423 τούτων
256 345 488 440 ἡμαρτηκότας
493 379 506 429 ,·
536 347 657 440 δήδιον
679 356 772 419 ἔσται
791 345 872 437 παρ’
895 345 978 437 ύμίν
999 343 1065 437 ἀρα

46 453 185 543 μεγάλα
206 448 355 540 ἀδικέειν,
378 458 411 522 εί
430 460 598 539 φανεῖσθε
618 452 674 520 ἐπὶ
693 464 763 532 τοις
783 467 914 539 μικροῖς
934 458 1063 539 μᾶλλον

46 552 277 647 ὀργιζόμενοι.

133 693 204 761 Καὶ
230 690 313 791 μήν,
344 717 370 758 ω
400 684 537 779 ἀνδρες,
567 689 625 758 καί
638 685 738 759 τουθ
754 684 842 776 ὑμᾶς
856 693 912 759 δεῖ
921 700 1073 794 μαθεῖν,
1068 679 1103 736 ⁷⁹
1075 752 1149 796 m

47 790 107 864 ὅτι
121 821 161 862 το
148 784 370 881 συνέχον
334 819 397 880 την
412 786 675 880 δημοκρατίαν”
655 819 754 881 ορκος
775 794 856 861 ἐστί.
892 798 969 881 τρία
996 790 1062 882 γάρ
1062 764 1111 806 ⁰sp

48 885 242 979 ἐστινέξ
214 922 291 982 ωνη
279 890 453 964 πολιτεία
466 888 751 981 συνέστηκεν,”
695 921 714 963 ο
729 919 879 983 αρχων,ο
867 888 1062 984 δικαστής,

48 995 68 1068 ὁ
110 996 257 1086 ίδιωτης.
314 995 443 1066 τούτων
475 1003 596 1065 τοίνυν
628 998 764 1076 ἕκαστος
795 994 923 1085 ταύτην
950 1004 1065 1068 πίστιν

50 1105 212 1185 δίδωσιν,
228 1096 380 1179 είκότως·
395 1095 474 1179 τούς
487 1098 550 1185 μὲν
564 1095 628 1187 γὰρ
645 1094 851 1187 ἀνθρώπους
864 1101 982 1169 πολλοὶ
996 1097 1063 1188 ήδη

50 1201 321 1290 ἐξαπατήσαντες
342 1203 399 1270 καί
415 1198 638 1278 διαλαθόντες
659 1196 702 1269 ού
723 1199 913 1288 μόνοντῶν
935 1202 1066 1289 παρόν-

49 1333 126 1374 των
141 1304 315 1374 κινδύνων
329 1298 562 1392 ἀπελύθησαν,
577 1298 662 1370 ἀλλά
677 1305 734 1371 καί
748 1298 808 1371 τόν
821 1299 927 1372 ἀλλον
940 1303 1066 1394 χρόνον

50 1403 169 1500 ἀθῶοι
183 1412 253 1474 τιδν
266 1402 482 1494 ἀδικημάτων
496 1403 626 1474 τούτων
636 1410 705 1474 εἰσί
709 1427 717 1442 ·
733 1401 812 1485 τούς
825 1404 865 1473 δὲ
877 1403 982 1487 θεοὺς
994 1402 1063 1476 οὔτ’

53 1504 99 1578 ἀν
113 1508 315 1597 ἐπιορκήσας
328 1532 378 1588 τις
391 1502 549 1576 λάθοι
506 1502 574 1581 ουτ’
591 1500 635 1574 ἀν
648 1505 840 1596 ἐκφύγοι
804 1534 867 1594 την
880 1501 933 1577 ἀπ’
950 1504 1066 1578 αὐτων

52 1614 241 1700 τιμωρίαν,
264 1605 337 1679 ἀλλ’
358 1615 391 1679 εί
407 1607 452 1697 μή
474 1605 592 1693 αύτός,
614 1612 651 1677 οί
662 1612 780 1689 παῖδές
794 1636 833 1696 γε
846 1608 949 1678 καί
916 1638 954 1679 το
969 1611 1066 1699 γένος

53 1706 150 1782 ἅπαν
163 1711 201 1781 τό
222 1719 283 1781 τού
303 1711 563 1835 ἐπιορκήσαντος
582 1707 779 1799 μεγάλοις’
760 1711 947 1798 ἀτυχήμασι
967 1739 1066 1800 περι-

53 1821 184 1885 πίπτει.
219 1812 348 1903 διόπερ,
362 1841 389 1882 ω
378 1804 527 1902 ἀνδρες
541 1817 699 1883 δικασταί
684 1812 846 1900 ί,ταύτην
861 1820 975 1883 πίστιν
988 1816 1111 1883 ἔδυ-80

55 1937 124 1986 σαν
143 1912 259 1996 αὐτοῖς
270 1919 307 1986 ἐν
319 1923 504 1996 Πλαταιαῖς
517 1915 640 1995 πάντες
652 1922 690 2009 οί
695 1910 915 2003 ΗΕλληνες,
894 1943 950 1985 οτε
966 1922 1065 2004 ἔμελ-

55 2028 119 2088 λον
134 2017 402 2107 παραταξάμενοι
413 2017 579 2107 μάχεσθαι
593 2017 678 2105 πρὸς
691 2016 753 2106 τήν
765 2019 892 2104 Ξέρξου
906 2016 1065 2106 δύναμιν,

55 2118 99 2191 ού
117 2117 200 2211 παρ’
216 2116 330 2191 αὑτοῖν
346 2117 520 2210 εὑρόντες,
548 2117 634 2189 ἀλλὰ
655 2119 878 2210 μιμησάμενοι
899 2119 960 2189 τόν
981 2115 1063 2209 παρ’

54 2219 142 2312 ύμίν
157 2226 353 2310 είθισμὲνον
365 2219 479 2312 όρκον.
494 2216 536 2291 δν
552 2219 645 2304 ἀξιόν
659 2227 751 2292 ἐστιν
764 2218 922 2291 ἀκούσω·
937 2220 1069 2310 καὶγὰρ

55 2331 214 2397 παλαιῶν
236 2321 347 2395 όντων
366 2330 437 2394 τῶν
457 2323 533 2393 τότε
553 2328 801 2415 πεπραγμένων
822 2319 913 2411 ὅμως
934 2329 1068 2411 συχναῖς

56 2433 152 2497 ἔστιν
166 2430 204 2497 ἐν
218 2442 287 2508 τοῖς
302 2428 546 2517 γεγραμμένοις
559 2430 647 2497 ίδεῑν
662 2426 724 2516 τὴν
737 2431 879 2497 ἐκείνων
904 2440 909 2514 Ι
931 2422 1067 2515 ἀρετήν.

54 2535 131 2600 Καί
145 2556 203 2618 μοι
216 2525 428 2618 ἀναγίνωσκε
443 2525 558 2600 αὐτόν.

147 2661 289 2726 ΟΡΚΟΣ
336 2652 382 2722 Ού
399 2652 559 2739 ποιήσομαι
572 2679 648 2761 περι
630 2620 830 2732 πλείονος
801 2681 834 2760 τρ
827 2660 957 2759 ζήν
921 2682 972 2738 της
985 2657 1062 2721 ἕλεο-
1073 2663 1108 2720 81

99 2744 222 2845 θερίας,
252 2734 320 2805 οὐδ’
334 2741 487 2844 ἔγκατριλεί
485 2756 536 2842 ηρω
549 2735 618 2816 τούς
632 2735 778 2844 ήγεμόνας
798 2739 863 2805 οότε
878 2737 1038 2817 ζῶντας”
1001 2766 1069 2805 ουτε

102 2819 333 2929 ἀποθανόντας,
360 2817 437 2889 ἀλλά
460 2818 528 2900 τούς
551 2825 584 2888 ἐν
606 2829 645 2910 τή
664 2822 743 2930 μάχη
762 2820 988 2907 τελευτήσαντας
1008 2851 1069 2889 των

100 2905 265 3012 συμμάηων
280 2905 414 2985 ἅπαντας
426 2905 532 2989 θάψω.
577 2910 630 2973 καὶ
648 2908 839 3014 κρατήσας
809 2934 850 2972 τω
837 2911 985 3011 πολέμω
999 2905 1070 2985 τοδς

101 2990 275 3099 βαρβάρους
287 3000 347 3058 τῶν
363 2995 417 3075 μὲν
430 2988 667 3095 μαχεσαμένων
651 2995 728 3099 νπὲρ
739 3000 791 3076 τῆς
801 2973 944 3069 Ἑλλόδος
953 2973 1070 3057 πόλεων

93 3072 275 3159 .ούδεμίσν’
257 3075 424 3142 ανάστατον
436 3072 563 3179 ποιήσω,
580 3071 634 3152 τάς
648 3074 728 3140 δὲ
696 3102 732 3142 τα
746 3102 799 3141 του
786 3073 968 3161 βορβόρου
981 3101 1069 3170 προε-

102 3163 228 3244 λομένας
263 3156 380 3239 ἀπάσας
419 3157 600 3226 δεκατεύσω·
644 3163 695 3224 καὶ
722 3189 782 3227 των
812 3165 902 3242 ἱερῶν
927 3188 987 3225 των
1018 3162 1067 3262 ἐμ·

101 3244 299 3349 πρησθίντων
322 3247 374 3309 καί
402 3240 688 3347 καταβληθέντων*
673 3243 732 3308 υπὸ
753 3271 814 3310 των
834 3242 996 3328 βαρβάρων
1017 3239 1068 3306 ού-
1147 3271 1155 3286 ·

103 3331 156 3395 δέν
183 3323 409 3412 ἀνοικοδομήσω
428 3328 633 3407 παντάπασιν,
655 3324 723 3393 ἀλλ’
741 3326 915 3426 ὑπόμνημα
923 3335 984 3401 τοῖς
1004 3327 1066 3389 ἐπι

101 3415 270 3498 γινομένοις
293 3414 370 3478 λύσω
400 3412 634 3478 καταλείπεσθαι
657 3420 709 3497 τῆς
734 3422 794 3480 τῶν
818 3408 979 3497 βαρβάρων
1001 3403 1069 3473 ἀσε-
1109 3473 1111 3476 ,
