2467 3942
162 157 205 223 τε
528 156 783 223 Ammo?
844 170 846 173 ’
1069 173 1181 246 μοι

164 325 265 401 λον”
243 358 265 419 η
285 326 332 400 δι’
354 328 521 421 ἀλήθειαν
539 328 801 421 ἐποιήσαντο·
780 360 863 404 οταν
875 332 915 403 δὲ
927 360 1021 426 παρα
1034 335 1182 407 πάντων

164 431 289 523 ὁμοίως
308 425 533 524 εἰληφότες
504 458 566 504 ωσι
588 433 650 523 τήν
671 432 779 524 αύτήν
802 444 985 527 τιμωρίαν,
1013 464 1084 520 πως
1106 434 1181 511 ούιι

165 535 354 628 εόδηλου
334 566 386 609 οτι
413 537 517 628 φύσει
542 544 624 607 πᾶσι
643 552 713 619 τοῖς
737 539 902 621 τοιούτοις
922 547 1034 629 ἔργοις
1053 543 1180 612 ἐπολέ·

107 644 272 733 117μουνς
285 637 469 731 Ἵππαρχον
488 637 552 730 γάρ
572 638 634 710 τόν
657 640 828 730 Τιμάρχου
849 639 914 730 ούχ
939 639 1180 730 ὑπομείναντα

163 743 226 835 τήν
245 747 325 833 περὶ
342 751 410 832 τῆς
421 748 604 834 προδοσίας
624 746 662 813 ἐν
677 749 723 836 τῷ
738 743 833 837 δήμῳ
846 752 977 835 κρίσιν,
1001 741 1074 815 ἀλλ’
1091 753 1179 837 ἐρη-

163 876 230 938 μον
249 846 310 918 τὸν
329 843 446 935 ἀγῶνα
464 845 626 933 ἐάσαντα,
646 846 786 940 θανάτῳ
799 853 923 917 τοῦτον
935 846 1175 937 ζημιώσαντες,

164 949 281 1040 ἐπειδή
303 956 362 1039 τῆς
387 945 520 1029 ἀδικίας
539 944 603 1018 οὐκ
624 955 748 1038 ἔλαβον
767 948 805 1020 τὸ
824 957 921 1039 σῶμα
936 947 1080 1041 ὅμηρον,
1109 950 1177 1041 τήν

65 1059 68 1064 ’
165 1052 281 1124 είκόνα
294 1049 401 1123 αύτοῦ
416 1054 448 1136 ἐξ
456 1048 670 1141 ἀκροπόλεως
684 1053 886 1134 καθελόντες
901 1055 959 1127 καί
973 1054 1177 1143 συγχωνεύ-

164 1178 285 1238 σαντες
304 1156 361 1227 καὶ
380 1154 580 1243 ποιήσαντες
598 1152 726 1243 στήλην
744 1158 954 1245 ἐψηφίσαντο
975 1164 1024 1238 είς
1045 1158 1176 1247 ταύτην

164 1257 376 1350 ἀναγράφειν
398 1256 478 1338 τοὺς
500 1252 695 1347 ἀλιτηρίους
720 1260 778 1329 καί
804 1255 884 1340 τούς
903 1260 1086 1350 προδότας·
1115 1263 1176 1331 καὶ

164 1360 267 1445 αύτδς
291 1358 310 1432 ό
332 1357 512 1450 Ἵππαρχος
532 1363 571 1430 ἐν
595 1361 702 1450 ταύτη
719 1368 760 1452 τῇ
779 1362 883 1452 στήλη
909 1358 1174 1452 ἀναγέγραπται,

106 1470 157 1528 118
164 1467 222 1535 καὶ
238 1469 276 1535 οί
292 1462 388 1534 ἄλλοι
409 1465 447 1534 δὲ
461 1463 633 1553 προδόται.
662 1470 733 1533 Καί
742 1492 798 1552 μοι
813 1463 896 1553 λαβὲ
909 1473 1044 1554 πρῶτον
1057 1467 1122 1554 μὲν
1135 1464 1174 1538 τό

163 1567 321 1658 ψήφισμα
340 1564 422 1636 καθ’
445 1563 465 1637 δ
484 1563 504 1656 ή
528 1564 631 1637 είκοδυ
650 1573 712 1636 τού
720 1562 902 1658 Ἱππάρχου
919 1574 982 1638 τού
1001 1568 1175 1659 προδότου

164 1674 197 1754 ἐξ
218 1667 432 1760 ἀκροπόλεως
450 1673 648 1761 καδηρέθη,
677 1676 791 1741 ἔπειτα
809 1679 868 1760 τῆς
888 1670 1011 1760 στήλης
1031 1670 1069 1740 τό
1083 1667 1174 1742 ἀπό-

163 1800 299 1864 γραμμα
313 1775 371 1844 καὶ
388 1770 466 1854 τούς
479 1769 623 1864 ὕστερον
642 1775 984 1864 προσαυαγραφέντας
1004 1774 1174 1863 προδότας

164 1883 212 1958 είς
225 1877 351 1965 ταύτην
365 1875 428 1966 τήν
440 1875 581 1966 στήλην,
596 1878 653 1945 καί
669 1873 896 1964 ἀναγίνωσκε,
911 1884 1120 1967 γραμματεῦ.

181 2002 406 2066 ΨΗΦΙΣΜΑ
419 2002 507 2064 ΚΑΙ
520 2001 813 2063 ΤΠΟΓΡΑΜΜΑ
832 2001 928 2063 ΤΗΣ
939 2001 1150 2066 ΣΤΗΛΗΣ.

105 2122 156 2179 119
246 2132 289 2194 Τί
305 2118 467 2195 δοκοῦσιν
487 2120 586 2215 ὑμίν,
608 2116 637 2194 τό
657 2122 796 2215 ἀνδρεςς
818 2115 884 2214 ἀρά
896 2152 936 2213 γε
951 2120 1075 2215 ὁμοίως
1089 2121 1173 2213 ὑμῖν

162 2231 328 2319 περὶτῶν
349 2224 562 2298 ἀδικούντων
582 2228 781 2317 γινώσκειν,
801 2228 860 2297 καὶ
879 2224 959 2314 ούκ,
982 2224 1099 2315 ἐπειδή
1113 2229 1171 2298 καὶ

161 2332 200 2403 τδ
214 2338 309 2421 σῶμα
322 2327 386 2400 ούκ
403 2330 567 2402 ἐδύναντο
581 2328 778 2420 ὑποχείριον
790 2338 852 2400 τοῦ
865 2329 1034 2419 προδότου
1040 2338 1172 2419 λαβεῖν,

162 2435 199 2506 τὸ
217 2450 380 2525 μνημείου
398 2442 460 2504 τοῦ
480 2433 649 2525 προδότου
665 2432 841 2515 ἀνελόντες
853 2449 925 2515 ταῖς
939 2433 1189 2520 ἐνδεχομέναις.

161 2545 337 2630 τιμωρίαις
357 2538 539 2620 ἐκόλασαν;
560 2532 623 2625 ούχ
643 2533 737 2618 ὅπως
749 2534 810 2606 τόν
822 2541 972 2625 χαλκοῦν
985 2530 1173 2624 ἀνδριάντα

162 2640 446 2729 συγχωνεύσειαν,
461 2635 530 2710 ἀλλ’
546 2644 603 2709 ἵνα
615 2656 685 2721 τοῖς
699 2641 944 2728 ἐπιγινομένοις
958 2636 1173 2728 παράδειγμα

163 2749 210 2823 είς
223 2742 283 2812 τόν
296 2741 417 2813 λοιπόν
429 2742 554 2833 χρόνον
569 2739 613 2825 ἀς
627 2742 719 2831 είχον
732 2740 816 2832 πρὸς
828 2738 908 2822 τούς
927 2739 1094 2829 προδότας
1108 2768 1173 2810 κα-

161 2851 347 2916 ταλίποιεν.

102 2954 155 3010 120
262 2948 355 3037 Λαβὲ
375 2944 408 3018 δ’
429 2944 544 3029 αύτοῑς
563 2949 621 3017 καὶ
639 2945 677 3017 τὸ
697 2950 815 3038 ἕτερον
833 2945 990 3036 ψήφισμα
1005 2947 1173 3036 περὶτῶν

162 3058 209 3133 είς
221 3052 407 3122 Δεκέλειαν
427 3051 677 3141 μεταστάντων,
699 3046 754 3121 ὅτε
768 3046 787 3121 ὁ
801 3055 906 3138 δήμος
919 3044 987 3118 ύπδ
1001 3053 1173 3118 Λακεδαι-

160 3160 349 3243 δαιμονίων
376 3158 622 3245 ἐπολιορκεῖτο,
650 3149 741 3234 ὅπως
768 3157 906 3222 εἰδῶσιν
929 3147 981 3221 ὅτι
1008 3152 1173 3242 περὶτῶν

160 3263 339 3348 προδοτῶν
366 3262 403 3326 οί
432 3256 596 3347 πρόγονοι
633 3251 751 3344 ὁμοίας
778 3256 833 3325 καὶ
869 3251 1085 3337 ἀκολούθους
1112 3249 1173 3323 ἀλ·

160 3360 278 3448 λήλαις
302 3358 361 3443 τάς
387 3366 548 3449 τιμωρίας
574 3363 763 3429 ἐποιοῦντο.
805 3354 1036 3446 ἀναγίνωσκε,
1063 3385 1166 3448 γραμ·

160 3471 277 3550 μαέῦ·
553 3519 791 3583 mmm.
1096 3605 1172 3649 m

1115 3619 1127 3649 ι
