2467 3942
208 192 276 254 ΧΠ
588 199 800 249 rnsnrsmo.

209 360 348 422 vocalem
371 359 537 438 diligenter
558 359 692 432 additur,
716 358 772 419 sed
793 358 975 435 frequenter
997 358 1090 417 etiam
1108 367 1189 421 ante

210 453 441 519 consonantem,
465 443 519 505 ubi
541 453 648 504 noster
668 463 750 517 usus,
776 442 918 503 diversus
935 440 973 502 ab
989 444 1119 521 antiqno
1134 446 1188 503 in·
1223 496 1224 499 ,

209 529 427 611 scriptionibus
450 548 574 609 quoque
595 530 783 602 confirmato,
806 529 839 587 in
853 527 993 607 pedestri
1014 537 1098 587 certe
1114 550 1188 590 ora·
1223 572 1224 585 ,

208 617 296 685 tione
323 635 448 695 prorsus
476 615 603 693 respuit.
647 614 687 674 In
713 615 775 674 fine
805 613 959 689 enuntiati
985 611 1131 673 librarius
1164 631 1187 677 ν
1224 632 1225 635 ’

209 699 293 760 istud
316 720 356 760 ex
375 699 508 761 libidine
529 699 580 759 vel
603 699 716 759 omittit
734 698 786 758 vel
800 697 897 762 addit.
941 697 1054 758 Hiatus
1076 719 1187 777 porro,

210 787 302 849 etiam
324 785 371 844 illi
392 784 492 864 qualis
514 785 609 845 estin
624 781 678 845 διὰ
692 777 805 862 ἄλλον,
827 802 922 862 saepe
944 782 1074 843 elisione
1088 804 1186 844 voca-
1224 788 1225 791 ’

147 904 150 909 ·
207 871 246 931 lie
268 879 473 942 removentur,
497 888 591 948 saepe
607 871 702 930 etiam
715 870 895 942 tolerantur,
919 867 1003 946 quod
1026 877 1058 927 et
1078 869 1188 947 ipsum

209 955 448 1034 orthographiae
463 955 561 1033 magis
575 973 669 1034 quam
682 955 809 1033 linguae
825 970 892 1014 esse
904 961 989 1032 puto,
1006 973 1075 1012 cum
1088 973 1186 1013 nemo

210 1040 300 1101 aliter
322 1060 358 1100 ac
380 1036 420 1099 δι’
442 1033 544 1101 ἄλλον
561 1040 687 1102 diceret.
724 1039 865 1098 Pertinet
888 1046 919 1098 et
932 1037 993 1098 hoo
1007 1037 1048 1098 ad
1063 1059 1184 1098 acoom·
1225 1060 1226 1063 ¹

208 1124 418 1184 modationem
443 1124 663 1184 vocabulorum
692 1123 819 1184 alterius
846 1122 888 1183 ad
913 1123 1058 1195 alterum,
1081 1143 1186 1201 ,quam

209 1209 522 1269 accommodationem
543 1211 577 1268 in
599 1206 850 1287 inscriptionibus
865 1208 960 1267 multo
981 1208 1073 1268 etiam
1087 1207 1185 1269 latius

209 1303 319 1374 patere
340 1303 456 1367 notum,
480 1303 515 1354 ut
535 1289 635 1369 ἱερῶγ
657 1288 830 1369 χρημάτων
853 1301 886 1353 et
905 1289 965 1354 τὸλ
981 1288 1081 1366 λόγον
1105 1293 1184 1353 alia·

209 1398 270 1458 qno
292 1379 424 1458 plurima
445 1379 504 1439 hoc
526 1399 626 1458 genus
652 1378 839 1453 scribantur3
868 1377 925 1437 sed
952 1377 1028 1438 talia
1054 1376 1092 1436 ab
1122 1376 1185 1438 boc

208 1463 288 1524 libro
311 1465 520 1543 manuscripto
542 1483 667 1543 prorsus
689 1463 793 1525 aliena
813 1471 896 1523 sunt.

296 1547 454 1608 Orationis
476 1548 615 1609 funebris
638 1548 737 1609 codex
758 1544 811 1621 A¹,
834 1548 880 1607 uti
902 1567 986 1631 nuno
1008 1555 1063 1619 est,
1087 1567 1185 1609 esox

209 1633 391 1712 fragmentis
423 1633 590 1695 maioribus
623 1633 834 1693 minoribusve
865 1641 994 1692 constat.
1043 1632 1185 1692 Primum

209 1727 283 1781 sunt
304 1718 365 1779 duo
387 1718 564 1797 fragmenta
576 1719 771 1797 singularum
789 1717 1001 1777 columnarum
1014 1717 1183 1795 particulas

210 1804 417 1876 continentia,
446 1804 573 1865 tertium
601 1803 717 1864 deinde
744 1803 852 1862 decem
877 1802 1063 1874 litterarum,
1094 1804 1183 1861 euius

210 1907 283 1948 usus
311 1888 417 1948 nullus
444 1897 502 1949 est.
547 1888 701 1968 Quartum
727 1887 865 1955 secundo
886 1889 1100 1959 continuatur,
1131 1907 1182 1946 co·

208 1974 331 2033 lumnas
360 1981 506 2051 quattuor
538 1975 729 2053 quintaeque
762 1972 945 2051 particulam
972 1971 1180 2053 complexum3

209 2058 285 2119 inde
305 2060 455 2118 continuo
477 2061 621 2138 quintum
642 2058 770 2137 excipit,
799 2059 833 2117 in
855 2077 917 2137 quo
940 2066 972 2116 et
992 2057 1077 2117 illius
1097 2058 1181 2116 colu-

210 2160 303 2204 mnae
323 2145 422 2205 maior
442 2164 514 2223 pars
543 2144 676 2212 eseliae
698 2144 836 2222 quinque
858 2149 990 2204 exstant.
1034 2141 1183 2201 Extrema

209 2246 286 2289 sane
307 2230 458 2302 columna,
484 2229 668 2293 duodecima
684 2247 822 2301 numero,
846 2226 886 2289 ab
908 2227 998 2286 initio
1019 2245 1124 2305 usque·
1141 2227 1183 2286 ad

208 2314 302 2374 finem
324 2315 454 2374 nimium
475 2322 625 2392 quantum
646 2314 787 2373 mutilata
809 2320 865 2386 cst,
890 2320 998 2390 estque
1018 2311 1097 2372 haec
1109 2330 1183 2390 pars

210 2399 276 2457 eius
297 2397 392 2476 plane
415 2397 588 2476 deperdita.
632 2394 760 2459 Sextum
787 2398 994 2476 fragmentum
1015 2397 1182 2474 insequen-

210 2491 257 2542 tes
281 2481 357 2542 duas
379 2483 534 2560 continet,
558 2483 694 2543 relicnae
716 2502 785 2543 oum
807 2482 929 2562 epilogo
945 2482 1092 2541 orationis
1107 2501 1180 2541 nus-

210 2586 302 2646 quam
323 2567 530 2646 roperiuntur.
553 2599 595 2613 -
616 2567 678 2627 Hic
699 2569 793 2647 igitur
806 2567 887 2627 liber
900 2566 996 2627 multo
1019 2567 1183 2626 deterioris

209 2661 304 2713 notae
332 2661 378 2712 est
406 2670 498 2731 quam
524 2653 603 2714 alter
632 2672 736 2732 neque
764 2672 803 2712 ex
828 2652 893 2712 ulla
914 2660 1002 2730 parto
1025 2652 1184 2729 elegantia

211 2736 413 2815 diligentiore
429 2738 623 2817 conspicuus.
654 2738 721 2798 Iam
735 2736 832 2817 ipsius
846 2738 959 2817 papyri
974 2756 1072 2814 genus
1087 2735 1183 2814 longe

160 2890 161 2893 Ἴ
210 2821 248 2881 ab
271 2821 355 2883 illius
376 2820 516 2883 bonitate
539 2823 654 2899 distat3
677 2831 743 2883 tum
763 2823 917 2901 scriptura
930 2819 1137 2900 inaequabilia
1151 2829 1183 2881 et

208 2906 406 2984 longitudine
420 2928 456 2966 ac
470 2906 638 2969 latitudine
654 2907 864 2968 columnarum
885 2916 916 2968 ct
931 2907 1104 2966 litterarum
1118 2926 1182 2965 ma·

209 2990 389 3071 gnitudine,
419 3011 499 3071 qnae
525 2994 607 3053 circa
633 2992 726 3052 finem
754 3001 785 3051 et
810 2992 1020 3051 columnarum
1042 2999 1073 3050 et
1094 2990 1182 3050 volu-

208 3076 410 3139 minismulto
422 3078 556 3139 minores
566 3078 656 3138 fiunt.
686 3075 766 3136 Puto
781 3075 942 3137 librarium
955 3076 1101 3136 volumen
1116 3094 1185 3135 non

208 3162 253 3221 ita
280 3162 414 3241 amplum
440 3162 601 3237 babuisse,
631 3180 727 3240 quare
755 3182 824 3222 cum
850 3161 971 3223 videret
991 3161 1183 3239 longitudini

209 3247 356 3309 orationis
378 3248 512 3328 spatium
526 3248 580 3309 vix
594 3247 688 3309 etiam
702 3246 852 3321 sufficere,
877 3255 1000 3309 coactus
1016 3255 1062 3307 est
1078 3245 1183 3305 omnia

207 3332 241 3391 in
264 3332 360 3392 artius
383 3334 594 3411 constringere
617 3350 720 3411 neque
734 3333 868 3412 margini
888 3331 1030 3391 inferiori
1044 3350 1181 3410 parcere,

207 3416 266 3477 sed
296 3436 394 3497 usque
423 3416 465 3477 ad
495 3425 662 3477 extremam
694 3417 811 3477 lineam
847 3415 1014 3496 complere,
1052 3434 1182 3494 cumque

208 3503 323 3582 primas
350 3502 426 3563 duas
456 3502 615 3563 columnae
646 3502 834 3563 tricenorum
860 3511 1018 3563 ternorum
1038 3517 1182 3560 versuum
