2467 3942
447 203 658 254 PRAEFATIO.
956 194 1042 259 XIX

32 330 34 435 i
87 359 205 425 Uobetus
217 371 317 424 totum
332 370 367 423 ut
380 363 520 444 ineptum
535 361 686 424 emblema
696 361 806 423 tollere
815 362 919 438 vellet,
937 363 1039 425 deleto

32 448 34 541 j
86 447 138 511 solo
160 448 284 525 πληγαί
306 446 403 509 verbo
424 449 584 527 (υμβαινει
605 447 821 528 reponendum
847 468 915 510 esse
935 449 1039 511 existi-

32 544 34 611 ξ
67 535 164 608 ¹nari,
181 533 468 619 natuturam
487 541 519 593 et
537 533 715 595 maximein
732 533 790 593 ool.
810 535 849 595 13
866 553 967 613 paene
987 534 1039 596 de·

32 624 34 679 l
85 627 191 697 sperata
207 619 277 680 illa:
298 616 1039 696 τωνδεηγορμενωνκαλουμενουετουεεπκτρα-

32 684 35 785 ζ
84 717 293 780 venenatas
307 720 374 767 ται.
414 702 547 784 Quidvis
564 703 660 782 igitur
675 703 885 765 hunlibrario
902 705 969 764 aa
984 706 1038 766 im·

32 786 34 865 l
84 791 233 866 putaveris,
246 797 341 870 atque
355 789 439 850 idem
449 788 504 850 ille
517 786 666 862 Cebetas,
685 789 772 849 euius
789 790 822 847 in
832 788 1040 870 Euxenippon

83 874 148 934 ratio
163 875 268 937 eritiea
284 873 498 937 moderatione
513 883 545 934 et
559 873 831 954 circumspectione
846 874 1041 955 aliquantum

85 975 173 1020 serere
182 960 315 1034 videtur,
334 960 368 1021 in
389 960 530 1023 oratione
548 958 674 1019 funebri
688 959 967 1038 magnamlaudem
978 979 1039 1020 me·

32 1092 39 1129 ,ι
83 1043 142 1118 ruit,
152 1053 300 1124 quantum
311 1044 438 1123 iugenio
452 1051 576 1124 praeter
589 1052 707 1105 umeros
720 1044 852 1124 polleret
863 1043 932 1124 plus
944 1045 1040 1106 semel

73 1129 317 1206 splendidissime
330 1129 508 1191 ostendens.
537 1127 663 1209 Quippe
676 1149 740 1189 nou
752 1129 862 1190 eodem
875 1130 953 1190 ratio
963 1131 1039 1191 artis

32 1160 38 1293 i
84 1214 193 1275 eritirae
215 1217 249 1275 in
266 1223 407 1294 ¹utroque
432 1213 538 1275 codiee
565 1213 774 1275 exercendae:
806 1215 841 1274 in
856 1212 1039 1275 Ardeniano

85 1301 211 1360 tuumne
232 1319 347 1379 magna
365 1319 444 1379 opus
459 1308 507 1359 est
527 1307 558 1360 et
571 1307 700 1380 propter
713 1318 861 1360 summam
876 1300 1039 1360 auctorita·
1078 1290 1087 1307 '

32 1408 34 1479 q
84 1388 135 1443 tem
153 1384 223 1445 libri
246 1393 276 1445 et
297 1384 383 1464 quod
397 1383 576 1464 Hyperides
598 1384 633 1444 in
653 1383 767 1447 talibus
783 1383 974 1445 orationibus
987 1385 1040 1445 rel

32 1482 34 1535 ε
86 1485 117 1526 ex
138 1469 334 1549 neglegentia
362 1470 549 1549 elegantiam
583 1469 752 1549 quaesivit3
783 1477 815 1529 at
836 1471 870 1530 in
898 1471 1039 1531 oratione

32 1548 34 1611 l
85 1550 193 1614 tonan
226 1573 361 1634 quanam
393 1556 576 1616 auetoritate
612 1554 822 1615 deterreamur
849 1556 925 1633 quiu
955 1555 1040 1635 qnod

32 1654 34 1713 ξ
85 1645 186 1699 reatum
206 1640 453 1718 eonoinnumque
474 1641 514 1701 sit
532 1639 649 1719 ubique
664 1640 868 1713 restituamus,
893 1660 962 1700 eum
984 1659 1037 1699 ne-

32 1716 34 1815 l
85 1727 222 1802 quaquam
242 1727 277 1785 in
298 1725 480 1786 laudatione
500 1724 664 1785 artificiosa
685 1731 805 1785 tantum
825 1724 948 1784 licuerit
969 1725 1038 1804 Hy-

32 1824 34 1891 ‡
85 1807 173 1884 paridi
198 1818 347 1890 quantum
373 1811 407 1869 in
434 1808 624 1871 orationibus
652 1809 692 1870 ad
724 1810 878 1870 actionem
909 1810 1039 1871 oratoris

32 1958 34 1971 Α
86 1890 203 1953 lorensis
224 1893 482 1956 accommodatis?

157 1977 257 2041 Pauca
279 1979 396 2041 addere
414 1979 508 2040 liceat
529 1979 569 2040 de
587 1982 709 2041 ratione
730 1999 792 2058 qua
811 1979 942 2040 lacunae
964 1980 1039 2040 utri-

32 2074 34 2141 ξ
85 2076 171 2141 usque
200 2064 313 2126 codicis
346 2064 521 2144 explendae
555 2066 628 2125 sint.
681 2064 857 2143 Numquam
889 2064 955 2123 fere
988 2084 1038 2123 ex-

88 2155 145 2207 arto
164 2144 286 2212 numero
309 2150 383 2210 seiri
402 2158 514 2229 potest,
538 2158 614 2229 quot
635 2151 668 2208 in
682 2149 796 2209 lacuna
809 2147 932 2208 litterae
947 2148 1038 2208 exsti-

86 2232 179 2307 terim,
210 2235 262 2296 vel
288 2243 416 2315 propter
443 2233 680 2314 amplitudinem
707 2232 836 2294 aliarum
868 2231 960 2292 aliem
988 2233 1040 2293 vel

86 2327 196 2394 propter
208 2318 438 2399 inaequabilem
452 2321 652 2400 scripturam
675 2317 731 2379 sed
753 2337 791 2379 ea
804 2317 932 2378 libertas
947 2319 1039 2378 sertis

86 2399 183 2464 finibus
208 2414 375 2466 eoeroetur.
420 2404 455 2465 si
484 2406 517 2465 in
545 2403 647 2465 medio
674 2422 766 2464 versu
792 2402 906 2464 lacuna
927 2411 1037 2477 exstat,

32 2490 34 2561 }
86 2503 167 2547 urum
184 2489 318 2550 litteram
338 2490 408 2569 plus
429 2490 571 2550 minusve
586 2508 677 2569 quam
699 2491 735 2549 in
747 2489 914 2569 superioris
929 2489 1040 2549 eodem

85 2574 171 2648 spatio
191 2575 282 2637 tasilo
304 2575 476 2652 condonea3
501 2583 533 2636 at
555 2594 629 2648 non,
652 2575 733 2635 siin
755 2572 815 2634 hoo
834 2573 972 2652 quinque
988 2592 1038 2633 ex-

32 2678 33 2681 *
85 2661 170 2733 stant,
191 2661 225 2720 in
250 2661 364 2722 lacuna
387 2668 454 2721 oete
476 2660 550 2720 satis
572 2668 662 2720 eauto
683 2657 929 2719 ineuleabuutur.
972 2656 1039 2717 Ali·

32 2752 34 2813 l
86 2751 186 2818 quanto
206 2746 278 2825 plus
298 2745 449 2806 libertatis
471 2746 506 2805 iu
521 2744 566 2806 eis
579 2745 701 2805 lacunis
716 2742 903 2818 conceditur,
927 2742 1039 2822 quibus

32 2842 34 2883 l
85 2822 193 2889 initium
211 2849 319 2892 versus
341 2830 535 2909 absumptum
557 2838 616 2903 est,
649 2828 875 2909 plurimumque
896 2827 950 2888 nbi
969 2828 1039 2888 finis

32 2888 36 2955 i
85 2909 271 2994 interceptus,
297 2935 365 2978 enm
384 2915 504 2976 librarii
524 2923 557 2975 et
577 2934 709 2975 vaeuum
725 2913 770 2973 ibi
790 2914 925 2993 spatium
945 2933 1040 2992 saepe

32 2968 37 3007 ³
85 2995 235 3061 adamam
247 3002 370 3062 natisve
384 3009 506 3062 tantum
522 2999 601 3061 uilril
617 2998 863 3078 significantibus
882 2999 1038 3079 expleant,

32 3034 35 3105 Ι
86 3085 289 3161 etproduaant
298 3106 422 3149 versum
433 3094 520 3147 extra
533 3085 667 3165 spatium
682 3084 935 3164 compendiiaque
949 3094 1038 3144 utan-

32 3234 34 3239 ,
85 3170 129 3225 tur
147 3178 176 3230 et
195 3170 315 3233 litteras
336 3171 431 3232 multo
452 3171 588 3231 minores
609 3170 737 3230 feriant.
779 3166 824 3229 At
845 3189 885 3230 ne
908 3167 952 3229 ibi
972 3169 1038 3247 qui·

32 3252 34 3289 ἶ
88 3247 147 3312 dum
166 3257 267 3317 omnia
288 3257 426 3337 prudens
448 3257 571 3317 aritiens
598 3254 660 3317 sibi
683 3255 849 3334 permittet.
892 3254 1039 3329 Denique

32 3350 34 3413 ὲ
87 3350 121 3394 ne
132 3338 186 3400 lroo
199 3341 325 3423 quidem
336 3339 575 3421 neglegendum,
592 3339 677 3420 quod
691 3342 724 3401 in
737 3340 800 3401 line
810 3339 1040 3400 enuntiatorum

32 3436 34 3513 ss
88 3436 201 3486 vanuum
228 3428 362 3507 spatium
388 3428 570 3507 plerumque
602 3425 802 3504 relinquitur,
834 3421 918 3503 quod
945 3439 1040 3480 unam

88 3500 206 3572 litteram
224 3513 360 3595 exiguae
381 3512 592 3593 amplitudinis
613 3530 727 3591 rapere
748 3510 855 3588 possit.

854 3617 892 3670 'bss
