2467 3942
219 157 261 224 96
526 223 529 232 Ι
551 153 847 210 Αποςιτλςαλτιλ.

219 327 302 410 ἐλέῳ
314 324 532 405 χρηςαμένους
544 324 584 403 μὴ
597 322 792 390 ἀποκτεῖναι.
818 323 896 388 Ath.
911 321 1001 387 XIII
1011 345 1044 409 p.
1056 321 1177 404 590115

220 411 262 477 af.
286 409 438 475 Eustath.
462 407 504 471 ad
526 407 563 472 Il.
588 406 680 485 1259,
705 406 796 488 1R.;
819 407 886 473 Via.
908 406 943 472 X
957 429 1005 472 or.
1020 430 1052 493 p.
1068 406 1176 473 8491.

220 495 330 575 Quam
352 516 430 558 uam
451 513 609 578 numqua
631 513 707 576 pars
726 492 824 556 huius
839 493 1035 558 narrationis
1050 491 1178 557 orationi

219 581 283 666 ipsi
306 518 475 659 dssIaeatua
497 575 577 642 mihi
599 576 732 662 quidem
753 577 851 642 valde
874 576 1011 642 dubium
1034 586 1093 642 est.
1114 621 1125 632 .

169 702 208 742 210
307 680 379 747 182.
413 679 513 763 Apud
538 679 732 744 Messalam:
764 678 868 745 Reae
898 681 995 760 fecit
1025 676 1176 744 Euthia.

221 767 337 847 Quint.
358 765 391 842 Ι,
407 766 441 842 5,
458 764 510 828 61.
547 763 697 829 Vertissa
711 761 888 828 Messalam
901 765 937 829 in
952 763 1090 829 latinum
1104 765 1178 828 hanc

220 853 399 917 orationem
417 850 506 914 idem
527 847 641 929 Quint.
662 847 777 926 refert,
802 848 850 927 X,
873 849 907 927 5,
930 848 962 913 2.

162 1037 211 1082 nx
252 1019 381 1086 LXIII.
404 1017 529 1083 LXIV.
567 1018 676 1084 ΥΠΕΡ
700 1019 936 1086 ΧΑίΡΕΦΙΛΟΥ
957 1020 1046 1086 ΠΕΡΙ
1070 1019 1149 1085 ΤΟΥ

607 1119 803 1186 ΤΑΡΙΧΟΥ(

639 1220 719 1286 λόγοι
738 1219 769 1286 β’.

168 1345 206 1386 211
307 1325 378 1389 183.
398 1320 510 1405 Ἀφείς
530 1318 593 1407 τὴν
615 1321 747 1407 ὑπέραν
768 1319 828 1387 τὸν
850 1322 939 1387 πόδα
960 1320 1091 1388 διοίσει·
1116 1324 1175 1388 Ὑπ.

220 1412 255 1478 ἐν
277 1417 323 1494 τῷ
345 1411 499 1488 περὶτοῦ
521 1429 588 1486 ταρ.
612 1406 649 1472 α’.
673 1409 827 1487 παροιμία
849 1408 903 1474 ἐπὶ
921 1413 988 1474 τῶν
1002 1410 1175 1488 παριέντων

218 1497 261 1562 τὰ
288 1494 524 1572 ςπουδαιότερα
550 1493 602 1558 καὶ
628 1494 703 1572 περὶ
734 1495 775 1557 τὰ
808 1497 919 1574 φαῦλα
947 1495 1175 1575 διατριβόντων.

219 1578 291 1642 Har
317 1601 342 1661 ,ς
371 1576 462 1642 Suid.
486 1600 511 1641 s.
534 1600 589 1642 vv.
621 1578 759 1658 ἀφέντες
781 1586 815 1641 et
836 1577 945 1658 ἀφείς;
974 1578 1018 1643 οί.
1042 1577 1176 1643 Crameri

219 1602 324 1813 Ag}
337 1661 381 1813 ἓν
392 1684 424 1811 χῖ.
446 1661 525 1746 491;
554 1663 671 1747 Apost.
695 1682 786 1748 prov.
810 1661 857 1741 V,
882 1662 918 1746 83
944 1662 1077 1728 Arsenii
1099 1660 1174 1727 Viol.

217 1772 250 1835 p.
383 1770 445 1813 aa.

166 1869 205 1910 aa
306 1849 377 1913 184.
410 1849 543 1914 Πυκνί·
577 1848 650 1913 Ὑπ.
679 1849 715 1916 ἐν
742 1855 787 1933 τῷ
816 1846 898 1928 ὑπὲρ
925 1850 1014 1929 Χαιρ.
1041 1848 1070 1914 α’
1097 1847 1174 1929 φηςί·

218 1934 355 2018 καὶτῆς
376 1928 516 2009 Πυανιίς
537 1936 703 1999 τοσοῦτον
726 1929 960 2018 εὑρισκούσης.
990 1932 1147 2021 Harpoor.

165 2054 205 2096 aa
303 2035 401 2102 1185.
424 2035 589 2116 Τοςαύτην
612 2035 642 2102 δ’
662 2036 824 2115 Ἀθηναῖοι
846 2037 990 2116 ςπουδὴν
1013 2036 1174 2103 ἐποιοῦντο

216 2122 292 2202 περὶ
312 2123 350 2186 τὸ
371 2122 503 2201 τάριχος
526 2122 572 2188 ὡς
594 2122 646 2187 καὶ
667 2122 800 2187 πολίτας
817 2121 1004 2203 ἀναγράψαι
1019 2124 1097 2187 τοὺς
1113 2122 1173 2186 Χαι-

217 2207 353 2288 ρεφίλου
380 2210 440 2272 τοῦ
469 2207 699 2287 ταριχοπώλου
727 2206 833 2291 υἱούς,
868 2206 914 2273 ὥς
942 2226 1038 2288 φηςιν
1065 2208 1175 2273 Ἄλεξις

216 2291 253 2359 ἐν
281 2290 459 2375 Ἐπιδαύρῳ
489 2311 542 2337 -·
570 2291 762 2373 μνημονεύει
789 2293 822 2357 δ’
851 2291 960 2359 αὐτῶν
988 2293 1041 2357 καί
1068 2287 1173 2357 Ὑπὺ

217 2376 334 2456 ῥήτωρ
362 2376 441 2440 Aah.
464 2374 519 2440 ΙΠ
540 2397 573 2461 p.
600 2375 662 2440 120
683 2377 724 2441 A.

165 2493 204 2535 ιιι
303 2477 375 2542 186.
397 2477 469 2542 Ὑπ.
492 2478 527 2544 ἐν
549 2485 595 2563 τῷ
617 2480 773 2558 περὶτοῦ
794 2479 960 2559 ταρίχους·
982 2475 1065 2564 μετὰ
1080 2479 1173 2543 ταῦτα

215 2559 363 2646 ὕστερον
395 2553 511 2646 ἦλθον
546 2558 799 2647 ἀναδησάμενοι
833 2559 870 2628 τὸ
899 2563 1045 2649 τάριχος.
1083 2563 1171 2628 Prisc.
1219 2587 1220 2628 ι

216 2646 319 2713 XVII
341 2670 369 2711 ο.
393 2646 435 2712 23
457 2670 489 2733 p.
512 2647 636 2712 92111.
1071 2647 1074 2652 ’

165 2748 203 2792 aa
302 2732 374 2797 187.
395 2729 491 2815 Ἀατὴ
513 2733 767 2799 ἐπιθαλαττίδιος
788 2754 835 2800 τις
849 2737 946 2816 μοῖρα
960 2738 1017 2814 τῆς
1032 2735 1172 2811 Ἀττικῆς

213 2816 287 2882 Ὑπ.
311 2817 347 2882 ἐν
368 2823 414 2901 τῷ
437 2838 469 2882 π.
491 2817 607 2898 τ.’ταρ.
641 2816 744 2903 Harp.

217 3004 253 3054 cf.
270 3004 351 3060 Euat,
368 3030 402 3041 -
420 3002 610 3070 χρηςαμένους
632 3004 826 3057 Casaabonus=
849 3005 1032 3071 χριςαμὲνους
1049 3008 1094 3059 vol
1110 3017 1173 3070 χαρι·

215 3068 352 3134 ςαμένους
370 3070 515 3138 (-μενος)
533 3073 614 3126 codd.
630 3100 665 3110 -
688 3075 738 3127 183
755 3073 866 3127 διώκεις
884 3076 918 3125 D.
941 3101 974 3111 -
997 3073 1112 3140 ταρίχου
1128 3071 1172 3126 ΟΕ.

215 3163 249 3174 -
272 3140 321 3189 184
344 3137 430 3191 πυυκί
448 3146 476 3191 et
493 3139 601 3193 πνυκὸς
620 3142 693 3193 libri.
716 3169 748 3179 -
771 3140 936 3208 χεραιφίλου
954 3141 972 3194 ἄ
990 3157 1059 3228 φῃςι
1076 3145 1106 3207 Β,
1124 3153 1172 3204 χαι·

215 3204 334 3272 ρεφίλου
352 3205 370 3258 δ’
387 3221 454 3273 φηςι
473 3207 503 3261 0.
525 3235 560 3245 -
581 3208 682 3274 εδριςκ.
701 3217 872 3276 corruptum
897 3211 925 3264 8.
944 3211 980 3261 οἰ.
1003 3224 1083 3276 ευρος
1104 3204 1172 3273 ἐχοί·

215 3288 265 3339 ςης
282 3274 328 3325 vel
345 3274 471 3341 ςχοὺςης,
489 3277 636 3328 Dobraeus
654 3275 735 3342 εὖρος
753 3277 846 3344 οὔςης.
865 3306 898 3315 -
920 3280 970 3330 186
987 3274 1171 3345 ἀναθηςομέιη

215 3341 295 3403 libri;
322 3343 350 3393 S.
374 3348 423 3394 aut
444 3341 590 3409 ἀνα-νοτ,
614 3351 665 3396 aut
685 3344 774 3409 ἦλθεν
795 3346 943 3412 legendum
965 3362 1027 3400 essa
1048 3347 1122 3399 dicia
1145 3368 1171 3379 -

215 3410 271 3474 frg.
288 3412 338 3461 215
357 3410 385 3464 8.
406 3409 581 3477 (Ἀγαςικλῆς
599 3429 644 3479 ap.
661 3414 752 3480 Harp.
770 3419 799 3465 et
816 3417 848 3467 Β.
861 3415 907 3479 Α.)
925 3430 1000 3466 nune
1019 3418 1127 3467 constat
1142 3408 1171 3463 ad

216 3493 254 3528 or.
273 3493 322 3542 pro
339 3480 409 3529 Eux.
429 3477 494 3543 (eol.
514 3480 556 3545 19)
575 3481 752 3536 referendum
770 3497 840 3534 esse.
857 3510 891 3520 -
