2467 3942
121 262 122 265 ι
195 232 261 292 XX
331 302 333 305 ¹
545 258 547 262 Α
577 238 788 287 susurrum.

257 400 260 403 ’
281 400 442 462 Relicuum
458 407 550 463 estut
561 398 600 458 de
614 398 743 458 consilio
756 398 939 477 rationeque
952 397 1045 457 huius
1058 396 1170 459 editio·
1225 406 1226 471 ᾗ

197 490 246 548 nis
267 487 373 566 paucis
397 504 558 565 exponam.
601 483 778 562 Numquam
797 501 896 561 usque
918 482 1065 543 adhunc
1086 482 1171 544 diem
1225 494 1227 498 “

197 580 343 652 quattuor
357 571 511 630 orationes
531 568 722 629 coniunctim
739 566 841 628 editae
859 575 940 642 sunt,
964 568 1171 646 singularum-
1225 590 1226 613 ³

197 675 261 737 que
273 676 458 756 quamquam
471 653 568 714 maior
582 651 654 733 pars
670 653 768 713 doctis
785 613 1070 732 diligentihusque
1061 672 1170 713 recen·
1225 690 1226 735 ᾗ

196 742 336 805 sionibus
346 742 472 801 minime
485 746 601 813 carent,
617 747 720 798 tamen
735 758 772 799 ea
783 757 863 838 quae
879 746 925 798 est
936 728 1170 798 contraDemo·
1225 768 1226 809 ;

195 827 338 888 sthenem
359 834 430 905 post
451 825 564 904 primas
587 823 740 884 editiones
754 824 831 883 miro
847 822 937 882 modo
952 823 1096 901 neglecta
1111 833 1170 884 est.
1225 816 1226 883 Ϊ

196 910 290 972 Adde
318 910 402 991 quod
428 910 520 970 huius
549 910 642 969 etiam
668 928 751 968 nova
777 908 954 986 fragmenta
974 907 1168 986 prodierunt,
1225 928 1226 935 ¹

196 996 342 1057 Parisina
363 996 511 1069 maxime,
535 1014 616 1075 quae
631 992 748 1074 Eggeri
767 993 917 1074 principis
939 991 1065 1052 editoris
1079 1013 1170 1072 prae·

198 1082 290 1161 cipua
316 1080 511 1160 benignitate
538 1080 642 1139 statim
675 1096 794 1139 mecum
826 1078 1050 1139 communicata
1085 1086 1169 1138 sunt.

198 1166 294 1225 Volui
316 1174 432 1239 autem,
465 1163 568 1244 quoad
596 1165 662 1224 eius
689 1163 758 1223 sine
784 1162 997 1243 splendidiore
1018 1170 1170 1243 apparatu
1225 1226 1227 1239 ,

132 1302 134 1307 ⁴
197 1251 271 1309 fieri'
286 1249 417 1330 poterat,
440 1248 590 1310 librorum
610 1250 897 1328 manuscriptorum,
918 1256 1029 1327 utpote
1043 1256 1171 1327 propter
1225 1254 1226 1323 ι

197 1336 352 1414 insignem
379 1336 596 1415 antiquitatem
624 1335 750 1412 cognitu
778 1333 1039 1412 dignissimorum,
1077 1351 1172 1411 quam
1225 1402 1226 1413 χ

198 1420 430 1481 fidelissimam
421 1421 589 1499 imaginem
603 1418 699 1478 oculis
714 1418 870 1479 subicere:
886 1437 948 1497 qua
962 1419 996 1477 in
1011 1437 1044 1477 re
1058 1417 1170 1478 biblio·

197 1505 332 1589 polae
323 1506 441 1584 insigni
474 1505 623 1565 facilitate
653 1511 684 1563 et
710 1504 853 1564 comitate
887 1503 1012 1582 egregie
1045 1501 1171 1563 adiutus
1225 1564 1226 1567 ,

197 1609 274 1653 sum
311 1590 424 1650 Adieci
445 1598 615 1650 ceterarum
635 1589 807 1648 orationum
827 1588 1014 1667 fragmenta,
1040 1585 1173 1668 Sauppii
1225 1596 1226 1601 ’

199 1675 274 1735 edit
252 1683 347 1749 tione,
370 1684 406 1735 ut
427 1696 484 1755 par
506 1682 586 1748 erat,
610 1673 701 1734 hac
692 1694 725 1733 m
747 1682 835 1754 parte
857 1672 1061 1733 fundamento
1083 1692 1170 1746 usus,
1225 1736 1226 1755 ξ

198 1779 301 1839 neque
322 1760 433 1820 inutile
454 1761 649 1839 ingratumve
673 1757 761 1833 duxi,
789 1760 835 1819 vit
837 1779 885 1818 am
906 1755 1078 1838 Hyperidis
1099 1757 1173 1818 Plu·
1225 1762 1226 1785 ³

198 1845 355 1906 tarcheam
386 1845 563 1925 iudiciaque
590 1845 759 1924 praecipua
791 1852 931 1904 veterum
963 1842 1170 1922 praemittere.
1225 1842 1226 1845 ’

198 1929 344 2010 Denique
367 1935 550 2010 apparatum
572 1929 722 2002 criticum,
748 1948 809 2008 quo
836 1931 920 2008 ipsas
946 1928 1101 1987 orationes
1123 1927 1170 1986 in-

198 2015 306 2089 struxi,
323 2034 416 2095 quam
428 2015 644 2075 brevissimum
659 2033 813 2093 quamque
827 2014 958 2074 maxime
974 2014 1171 2093 perspicuum

199 2099 331 2161 reddere
353 2099 473 2201 studui,
497 2100 631 2178 ideoque
655 2106 686 2158 et
701 2100 893 2159 coniecturas
907 2099 1044 2158 virorum
1066 2097 1171 2158 docto-

198 2206 266 2245 rum
287 2206 352 2245 non
374 2188 441 2247 sine
463 2186 567 2275 aliquo
589 2184 711 2244 delectu
732 2184 876 2263 apposui,
900 2191 1064 2263 notasque,
1094 2201 1171 2262 quas
1225 2204 1226 2209 ¹

214 2271 301 2331 tatim
323 2270 457 2351 explicat
458 2290 531 2331 urus
553 2290 628 2342 snm,
654 2279 684 2329 et
705 2270 739 2328 in
755 2266 944 2329 orationibus
964 2269 1026 2328 et
1017 2288 1051 2326 ιιι
1073 2267 1171 2328 adno-

198 2356 319 2415 tatione
339 2355 520 2435 frequenter
541 2353 690 2415 adhibui
1225 2402 1226 2409 ,

284 2438 334 2498 De
363 2441 407 2498 cis
436 2448 489 2500 aut
491 2460 539 2500 em
566 2457 646 2518 quae
668 2459 750 2498 nova
772 2445 968 2500 accesserunt
988 2437 1173 2516 fragmentis
1225 2456 1226 2479 ³

140 2578 148 2589 „
198 2522 277 2583 ha'ec
297 2543 419 2584 moneo.
464 2522 649 2583 Orationum
670 2543 749 2602 quae
778 2524 811 2582 in
833 2521 999 2583 voluminis
1020 2520 1051 2581 A
1072 2522 1174 2601 prima
1225 2584 1226 2587 ,

199 2616 288 2687 parte
310 2609 495 2668 exstiterunt
516 2629 586 2669 cum
607 2609 648 2668 sit
670 2608 811 2669 condicio
825 2608 957 2668 maxime
977 2605 1173 2680 miserabilis,
1225 2616 1226 2679 ξ

199 2692 330 2770 quodvis
365 2693 514 2755 auxilium
551 2693 592 2769 ad
627 2693 858 2774 amplificandas
897 2693 1043 2772 reliquias
1081 2691 1177 2752 nohis

199 2775 335 2837 oblatum
358 2779 528 2857 gratissimo
544 2779 647 2838 animo
664 2780 803 2858 accipere
818 2777 976 2839 debemus.
1013 2777 1126 2856 Itaque
1143 2785 1175 2837 et
1225 2812 1226 2829 ι

153 2889 155 2894 ’
198 2860 453 2941 Bahingtoniana
481 2864 669 2943 fragmenta,
699 2864 839 2945 quamvis
862 2864 991 2943 exigua,
1021 2869 1052 2923 ct
1073 2863 1176 2940 magis
1225 2854 1227 2863 '

199 2947 293 3007 etiam
306 2947 450 3009 Parisino
471 2950 566 3010 multo
589 2949 740 3029 ampliora
761 2969 873 3028 magno
896 2949 930 3007 in
951 2947 1010 3007 hac
1033 2946 1176 3007 editione
1225 2958 1226 2989 ³

199 3032 269 3093 usui
298 3032 435 3108 fuerunt.
486 3032 561 3108 Illa,
589 3053 721 3113 quorum
755 3034 969 3114 apographum
1005 3031 1177 3111 diligenter

200 3116 373 3178 confectum
396 3118 435 3178 ab
463 3120 531 3201 ipso
544 3119 752 3198 ‚Babingtone
781 3120 901 3198 accepi,
934 3126 1002 3177 octo
1024 3126 1098 3177 sunt
1116 3137 1176 3178 nn·
1225 3148 1226 3189 3

200 3220 299 3277 mero,
329 3223 346 3264 e
373 3203 485 3283 quihus
507 3225 604 3265 unum
629 3205 670 3265 ad
697 3203 956 3285 Lycophroneam
985 3202 1176 3283 pertinuisse
1225 3204 1226 3275 j

199 3286 337 3365 videtum
372 3298 507 3349 ceterum
538 3290 597 3350 tria
634 3298 769 3362 tantum,
802 3309 883 3370 quae
917 3289 1066 3349 orationis
1100 3308 1175 3348 con-
1225 3282 1226 3357 ff

198 3379 247 3431 tra
274 3372 518 3434 Demosthenem
543 3382 631 3448 sunt,
661 3374 785 3435 relicuia
819 3376 885 3435 eius
913 3373 1061 3434 orationis
1088 3373 1175 3452 frag·
1224 3366 1227 3407 ³

199 3458 311 3518 mentis
340 3459 467 3519 inserui.
518 3458 660 3538 Eggerus
688 3458 852 3522 duodecim
879 3460 997 3540 primae
1023 3458 1176 3519 orationis
1225 3460 1226 3509 f

198 3541 374 3622 fragmenta
395 3542 644 3622 splendidissime
667 3544 775 3620 edidit,
797 3546 923 3606 tertium
944 3545 1096 3607 decimum
1119 3563 1176 3624 pc·
1225 3546 1226 3603 Ῑ
