2467 3942
221 180 265 245 34

221 351 343 435 μοεῖαν,
366 349 450 415 ἀλλὰ
471 349 530 428 τήν

220 438 368 518 ταχῖετην
392 432 492 513 αὐτὴν
515 437 564 499 δεῖ
584 431 591 518 Ι

137 522 305 589 ΧΧΙΗεῖναι
326 523 360 588 ἐν
382 527 430 604 τῷ
452 524 538 584 δικα-
599 562 600 567 1

221 608 351 693 ετηρίιρ·
375 642 413 652 -
437 605 457 683 ἢ
481 602 590 686 ευνίῃ

220 714 288 759 ποι
310 693 374 759 ἐπὶ
394 689 607 774 καταλύεει

219 783 290 845 τοῦ
313 780 437 857 δήμου
460 774 481 851 ἢ
503 772 650 852 ἑταιρι-

144 897 146 900 >
195 866 289 930 οκὸν
313 859 531 942 ευναγάγῃ,
553 858 573 934 ἢ
596 857 665 921 ἐάν

219 969 277 1013 τι(
297 946 417 1012 πόλιν
439 943 528 1008 τινὰ
549 962 647 1021 προ-

219 1037 271 1116 δῷ
293 1033 314 1110 ἢ
336 1032 433 1096 ναῦε
454 1027 475 1105 ἢ
496 1028 618 1106 πεζὴν

217 1118 237 1194 ἢ
260 1114 450 1191 ναυτικὴν
473 1114 626 1190 cipen-

217 1202 281 1284 άν,
302 1201 322 1278 ἢ
346 1199 478 1278 ῥήτωρ
501 1198 553 1262 ὢν
576 1198 622 1274 μὴ
661 1238 662 1241 ¹

179 1287 311 1369 ωλέγῃ
333 1285 378 1348 τὰ
401 1281 537 1362 ἄριετα
558 1285 610 1363 τῷ

215 1372 324 1453 δήμῳ
346 1373 398 1451 τῷ
421 1366 594 1445 Ἀθηναί-

217 1477 269 1522 ων
292 1453 467 1533 χρήματα
490 1450 635 1530 λαμβά-

215 1558 309 1605 νων·
333 1574 371 1583 —
395 1537 435 1601 τὰ
456 1537 513 1614 μὲν
536 1533 605 1600 ἄνω

214 1629 274 1690 τοῦ
296 1622 400 1702 νόμου
421 1620 502 1685 κατὰ
523 1619 604 1685 πάν-

177 1726 201 1766 15
214 1730 281 1774 των
302 1712 368 1773 τῶν
391 1709 534 1771 πολιτῶν

599 177 802 235 ΥΠΕΡΕΙΔΟΥ

705 355 758 414 εθε
779 352 841 428 γὰρ
864 350 919 426 ἂν,
943 349 970 414 εἰ
989 350 1095 417 ἄλλον
1118 374 1173 419 τι·

705 435 747 499 νὰ
768 435 892 514 τρόπον
913 435 972 500 τὸν
993 437 1048 502 νό-
1202 461 1225 500 25

703 538 765 597 μον
787 522 906 585 τοῦτον
929 519 998 584 ἔθε-

704 610 758 669 εθε
778 604 798 682 ἢ
822 604 936 688 οὕτωε,
959 641 999 657 ν-
1022 604 1050 670 εἰ
1071 607 1136 672 τὰε

704 689 761 767 μὲν
781 689 903 772 τ[ι]μὰε
924 690 977 753 καὶ
997 687 1080 774 τὰεΙ

704 773 847 854 ὠφελία(
868 774 904 838 ἐκ
924 776 984 838 τοῦ
1007 774 1058 839 λε’-

702 879 772 934 γειν
795 858 826 924 οἱ
848 859 983 938 ῥήτορε(
1004 879 1079 938 καρ-

703 948 857 1025 ποῦνται,
880 944 957 1009 τοὺ(
979 945 1015 1008 δὲ
1037 964 1103 1013 κιν-

702 1028 822 1094 δύνου(
844 1027 925 1107 ὑπὲρ
947 1028 1057 1097 αὐτῶν

701 1116 771 1178 τοῖε
792 1112 931 1178 ἰδιώταις
952 1112 1067 1192 ἀνεθή-
1209 1136 1229 1177 5}

701 1217 784 1262 κατε
801 1235 840 1243 -
862 1196 933 1262 ἀλλ’
949 1198 1175 1278 ὅμωτΠολύ-
1218 1208 1223 1224 “

701 1303 813 1347 ευκτοε
835 1282 941 1347 οὕτω(
963 1283 1046 1348 ἐετὶν
1228 1298 1229 1301 ’

701 1367 851 1446 ἀνδρεῖοι
875 1366 956 1433 ὥστε
977 1367 1037 1432 ei<-

701 1453 852 1528 αγγελίαν
874 1453 1000 1519 διώκων

700 1537 760 1602 οὐκ
781 1537 845 1617 ἔφη
868 1540 937 1602 δεῖν
959 1537 1036 1602 τοδε
1195 1561 1218 1598 10

700 1622 885 1701 φεύγοντα(
906 1628 953 1702 τῷ
975 1622 1033 1687 εἰε-

699 1709 876 1791 αγγελτικῷ
898 1707 990 1790 νόμῳ

134 1870 137 1876 ,
213 1785 410 1873 γράψαντες,
426 1827 464 1836 -
487 1790 522 1854 ἐκ
542 1790 678 1855 πάντων
699 1795 841 1870 χρῆεθω.
865 1827 903 1836 -
927 1791 979 1856 καὶ
999 1789 1032 1854 οἱ
1054 1793 1115 1871 μὲν

213 1880 276 1958 γὰρ
297 1878 350 1942 καὶ
370 1874 565 1955 τάδικήματα

699 1875 795 1939 ἄλλοι
815 1876 933 1941 πάντες
959 1876 1053 1954 κατή-

212 1967 313 2028 ταῦτα
333 1961 457 2041 γένοιτ’
479 1959 536 2025 ἄν·
562 1995 600 2005 -
624 1961 662 2025 τὸ
698 1980 808 2043 γοροι,
830 1959 910 2025 ὅταν
934 1958 1069 2025 οἴωνται
1191 1983 1214 2021 15

213 2051 249 2114 δὲ
270 2049 458 2114 τελευταῖον
479 2048 538 2109 τοῦ

697 2048 764 2109 δεῖν
788 2044 823 2109 ἐν
844 2050 891 2128 τῷ
913 2046 1063 2128 προτέρῳ
1099 2112 1101 2116 .

174 2150 199 2191 20
211 2134 316 2214 νόμον
330 2133 404 2198 κατ’
420 2131 529 2196 αὐτῶν
543 2131 610 2195 τῶν
627 2127 681 2208 dn·
696 2130 785 2214 λόγῳ
807 2128 941 2210 ὑφελεῖν
963 2135 1030 2196 τῶν

211 2221 335 2298 τόρων,
357 2217 432 2296 παρ’
454 2212 504 2280 οῖε
526 2213 610 2280 ἔετιν

695 2212 891 2294 φευγόντων
913 2215 971 2279 τὰ(
992 2213 1074 2278 ἀπο-

211 2304 322 2370 καὶτὸ
345 2301 484 2381 γράφειν
505 2300 547 2363 τὰ
569 2320 631 2378 ψη·
694 2298 817 2380 λογίας,
840 2335 878 2344 -
902 2303 999 2365 τοῦτο
1022 2320 1126 2380 παρα-

128 2391 145 2429 ‘v
212 2389 358 2468 φῖεματα.
383 2420 421 2428 -
446 2381 566 2461 ἐμαίνε-
695 2383 881 2449 κελεύονται
902 2386 972 2449 wic
994 2390 1039 2448 δι-
1185 2404 1211 2443 20

210 2520 413 2534 —---—-⁶--···‘·

210 2593 243 2642 27
266 2585 431 2649 νπωμθειαν
455 2585 478 2633 Α
500 2597 556 2648 pn,
580 2583 655 2645 quod
677 2589 782 2648 puncto
799 2586 849 2636 eub
867 2587 987 2639 mediam
1004 2587 1139 2639 lineolam
1159 2589 1184 2642 θ

208 2660 323 2709 litterae
340 2653 431 2719 posito
450 2655 604 2702 correctum
625 2655 676 2705 est.

277 2746 334 2798 (iol.
352 2746 454 2798 XXIII.
491 2747 505 2794 1
524 2740 636 2796 εἰειὲναι
654 2742 694 2796 εἰ(
711 2743 746 2797 τὸ
765 2743 941 2812 δικαετήρων
957 2749 992 2802 ei.
1004 2748 1111 2800 Bakius
1131 2767 1182 2817 ap.

207 2816 259 2868 Cb.
281 2843 315 2852 -
335 2819 352 2867 3
371 2828 428 2866 που
445 2814 470 2864 Α
487 2829 527 2879 pr.
549 2839 583 2847 —
606 2815 781 2878 ὅτνναγαγη
800 2816 832 2867 Α.
862 2843 893 2853 -
921 2819 953 2868 10
969 2829 1012 2866 τω
1030 2818 1062 2866 Α.
1086 2844 1120 2853 -
1148 2823 1183 2870 16

207 2886 309 2938 παντῶ
327 2883 360 2934 Δ.
387 2908 420 2918 -
446 2885 480 2933 20
497 2893 765 2947 κατατωνρητορων
786 2883 811 2932 Α
828 2900 869 2950 pr.
897 2911 930 2920 -
956 2886 990 2934 24
1012 2883 1182 2951 αλλοτιαΙνα

206 3004 231 3055 Α
248 3018 302 3070 pr.;
326 3017 394 3056 corr.
416 2999 437 3053 Ν
456 3000 566 3051 addidit
584 3004 613 3049 et
631 2998 653 3052 Α
671 2999 834 3052 transfixum
852 3002 966 3054 delevit.
992 3027 1027 3037 -
1052 3004 1086 3052 27
1103 2966 1180 3068 {linc

205 3072 248 3136 A„
267 3075 367 3136 puncto
386 3085 470 3134 supra
489 3067 510 3120 Η
529 3067 654 3121 litteram
667 3068 775 3130 eddit03
794 3068 867 3119 unde
885 3064 972 3120 εἰτὰε
984 3084 1082 3120 omnes
1093 3087 1180 3136 prae-

205 3145 249 3190 ter
267 3139 313 3205 0„
336 3138 383 3203 qui
400 3136 418 3201 ἢ
437 3130 462 3188 εἰ
478 3135 530 3188 τὰ(
547 3136 644 3191 edidit.
680 3135 787 3188 dotato
809 3142 903 3188 tamen
926 3139 989 3201 poet
1005 3135 1102 3191 οὕτω(
1121 3141 1180 3192 ali·

206 3224 261 3275 qun
277 3204 455 3258 intercidisse
473 3204 613 3255 videntur.
642 3205 679 3258 cf.
698 3203 742 3258 L.¹
763 3219 790 3270 p.
809 3205 867 3255 518.

275 3299 334 3357 001.
350 3298 450 3349 XXIV.
490 3301 506 3349 3
529 3296 706 3362 ἐκαρποῦντο
724 3298 773 3361 K„
796 3298 844 3362 qui
862 3301 891 3347 et
907 3294 1008 3348 αὐτῶν
1025 3312 1051 3350 ν,
1069 3301 1087 3349 4
1104 3302 1178 3353 seii·

205 3369 326 3423 bendum
337 3366 456 3432 putavit,
475 3365 525 3416 sed
541 3370 641 3431 postea
653 3371 683 3418 et
694 3368 754 3432 ipse
766 3362 865 3417 αὐτῶν
878 3366 1002 3433 agnovit.
1020 3393 1056 3403 —
1071 3367 1178 3420 Versni
1228 3366 1229 3369 ’

205 3436 324 3489 seeundo
337 3435 469 3497 fortasse,
487 3448 578 3485 errore
591 3432 733 3497 videlieet,
750 3434 939 3501 interpunctio
951 3436 1095 3501 supposita
1107 3436 1174 3503 fuit,

204 3519 276 3569 quae
294 3503 418 3570 proximo
435 3502 524 3567 magis
542 3502 737 3554 conveniebat.
759 3529 793 3539 -
815 3505 831 3554 9
849 3502 1020 3568 ειεαγγελιαε
1037 3503 1060 3553 Α
1078 3517 1120 3569 pr.
1139 3531 1176 3542 -
