2467 3942
163 223 205 285 36
540 225 794 285 Λυαουεεον
1071 235 1177 307 μοι.

165 378 327 483 ριαέστιυ
342 399 429 464 ίδείν
448 400 506 481 τῆς
526 390 646 483 ἀρετῆς
661 391 776 463 αὐτῶν
789 388 1071 486 ἀναγεγραμμένα
1090 393 1184 486 ἄλη-

63 549 66 554 -
163 504 212 586 θῇ
226 496 309 587 πρὸς
324 493 473 576 ἅπαντας
486 491 747 584 τούςἝλληνοις,
765 499 908 594 ἐκείνοις
920 501 1000 585 μέν·

173 657 175 661 ”
215 618 243 696 ὦ
257 624 353 715 ξεῖν’,
376 624 535 715 ύγγειλον
548 633 832 717 Λακεδαιμονίοις
845 624 898 697 ότι
911 634 993 718 τῇδε

265 738 409 818 κείμεθα
421 746 490 811 τοῖς
503 737 629 799 κείνων
646 730 845 819 πειθόμενοι
859 739 1030 819 νομίμοις,

163 863 233 927 τοῖς
247 846 285 915 δὲ
303 842 479 935 ὑμετέροις
494 847 693 937 προγόνοις·

209 958 377 1048 Ἑλλήνων
397 970 648 1051 προμαχοῦντες
658 958 833 1051 Ἀθηναῖοι
847 968 1044 1052 Μαραθῶνι

264 1062 491 1154 χρυσοφόρων
505 1065 640 1153 Μήδων
654 1065 835 1155 ἐστόρεσαν
849 1064 1006 1153 δύναμιν.

79 1175 159 1290 681198
170 1186 298 1267 Ταῦτα,
320 1170 549 1269 ιόἈθηναλοι,
568 1184 626 1251 καὶ
639 1180 914 1269 μνημονεύεσθαι
928 1178 1013 1250 καλὰ
1033 1181 1186 1263 καὶτοῖς

104 1257 126 1297 p'
157 1277 329 1371 ’πράξασιν
350 1289 485 1364 ἔπαινος
504 1285 561 1352 καί
580 1291 621 1374 τῇ
638 1283 733 1354 πόλει
754 1284 835 1367 δόξα
857 1280 1066 1372 ἀείμνηστος.
1099 1281 1183 1353 ἀλλ’

164 1381 227 1471 ούχ
246 1380 266 1452 ὃ
282 1385 481 1475 Λεωκράτης
494 1394 695 1474 πεποίηκεν,
724 1382 797 1456 ἀλλ’
817 1384 905 1455 ἑκὼν
925 1383 987 1473 τὴν
1009 1386 1042 1466 ἐξ
1063 1380 1185 1455 ἅπαν-

162 1512 218 1566 τος
235 1493 297 1556 τού
320 1493 444 1569 αίῶνος
464 1491 763 1578 συνηθροισμένην
782 1495 823 1579 τῇ
837 1489 933 1558 πόλει
947 1488 1050 1568 δόξαν
1069 1489 1184 1578 κατῄ-

163 1610 299 1676 σχυνεν.
320 1588 380 1659 ἐὰν
399 1590 462 1679 μὲν
484 1581 549 1662 οὖν
568 1589 789 1680 ἀποκτείνητε
809 1587 931 1678 αὐτόν,
956 1590 1071 1670 δόξετε
1092 1598 1184 1661 πᾶσι

164 1707 233 1771 τοῖς
244 1687 382 1781 Ἕλλησι
402 1696 460 1763 καί
488 1690 584 1783 ὑμεῖς
609 1692 807 1764 τὰτοιαῦτα
828 1700 898 1762 τῶν
921 1700 1030 1782 ἔργων
1043 1710 1181 1780 μισεῖν·

165 1801 197 1864 εί
217 1794 255 1863 δὲ
274 1796 336 1884 μή,
358 1798 416 1865 καὶ
436 1795 517 1876 τούς
538 1796 728 1886 προγόνους
747 1803 806 1884 τῆς
820 1802 962 1876 παλαιᾶς
975 1794 1074 1883 δόξης
1088 1793 1182 1866 ἄπο-

165 1897 342 1987 στερήσετε
361 1901 418 1968 καί
431 1897 511 1980 τούς
525 1894 649 1980 ἄλλους
663 1896 802 1979 πολίτας.
812 1898 946 1987 μεγάλα
953 1897 1112 1986 βλάψετε.
1148 1903 1185 1968 οί

164 1998 229 2088 γὰρ
251 1999 464 2080 ἐκείνους
423 2029 468 2089 μη
489 2001 718 2090 θαυμάζοντες
738 2008 860 2071 τοῦτον
879 2000 1099 2089 πειράσονται
1120 2029 1182 2088 μι-

164 2112 319 2191 μεῖσθαι,
333 2110 536 2192 νομίζοντες
534 2107 652 2173 ἐκεῖνα
665 2104 727 2193 μὲν
740 2129 832 2193 παρα
845 2118 914 2183 τοῖς
928 2110 1101 2191 πολεμίοις
1118 2100 1181 2172 εύ-

165 2212 333 2293 δοκιμείν,
363 2231 454 2295 παρα
476 2203 509 2275 δ
531 2201 614 2295 ύμῖν
627 2201 811 2276 ἀναίδειαν
829 2207 887 2274 καί
907 2210 1096 2295 προδοσίαν
1120 2208 1181 2275 καλ

164 2312 352 2398 προδοσίαν
365 2335 422 2378 και
411 2310 567 2378 δειλίαν
581 2317 761 2400 κεκρίσθαι
774 2307 963 2378 κάλλιστον.

106 2435 158 2488 111
240 2430 287 2493 Εί
305 2424 354 2507 [δὲ
361 2428 387 2508 *l
408 2453 454 2514 μη
442 2423 662 2496 δύνασθε’
642 2423 703 2496 υπ’
721 2429 804 2515 ἐμου
790 2419 1059 2513 Μ’διδαχθῆναι
1038 2424 1181 2513 οντρό-

79 2519 118 2560 ‘⁸¹'
121 2506 229 2595 ’ωπον
244 2532 300 2596 δεί
310 2525 395 2616 πρὸς
408 2526 488 2609 τούς
509 2529 684 2610 τοιούτους
705 2536 811 2618 ἐχειν,
831 2531 1004 2610 σκέψασθε
1023 2525 1181 2609 ἐκείνους

163 2636 239 2716 τίνα
267 2628 402 2718 τρόπον
426 2630 617 2721 ἐλάμβανον
643 2628 724 2721 παρ’
761 2628 877 2701 αὐτῶν
903 2629 965 2718 τὴν
985 2637 1178 2719 τιμωρίαν

165 2727 277 2820 ὥσπερ
299 2730 363 2821 γὰρ
383 2730 424 2801 τὰ
444 2732 531 2802 καλα
544 2741 612 2804 τῶν
628 2741 737 2824 ἔργων
751 2731 935 2823 ἠπίσταντο
948 2731 1178 2820 ἐπιτηδεύειν,

165 2829 254 2903 ούτω
268 2831 373 2902 καί
339 2861 380 2902 τα
396 2835 526 2925 πονηρὰ
541 2844 755 2927 προῃροῦντο
774 2836 937 2921 κολάζειν.
959 2836 1145 2904 ἐκείνοι’
1098 2863 1178 2926 γαρ,

166 2962 191 3003 ω
179 2926 349 3060 ἄνδρες,
364 2936 608 3028 θεωρήσατε
584 2966 629 3020 ως
644 2936 825 3029 ὠργίζοντο
840 2954 909 3022 τοῖς
923 2936 1105 3027 προδόταις
1117 2939 1178 3006 καί

164 3036 300 3118 κοινούς
312 3039 460 3131 ἐχθρούς
473 3041 672 3166 ἐνόμιζρνί
637 3070 657 3111 ε
671 3069 728 3112 ναι
740 3071 799 3130 της
818 3041 957 3121 πόλεως
998 3047 1177 3128 Φρυνίχου

107 3139 229 3230 112γὰρ
254 3139 259 3232 ξ
282 3137 536 3231 ἀποσφαγέντος
555 3144 691 3235 νύκτωρ
711 3143 803 3234 παρὰ
822 3173 884 3232 την
904 3142 1034 3233 κρήνην
1053 3140 1118 3229 τὴν
1140 3145 1177 3212 ἐν

166 3259 235 3323 τοῖς
255 3244 383 3325 οἰσύοις
402 3242 470 3314 ύπό
483 3242 738 3338 Ἀπολλοδώρου
758 3249 815 3316 καί
830 3244 1098 3336 Θρασυβούλου,
1118 3246 1178 3313 καί

165 3346 296 3416 τούτων
315 3348 519 3435 ληφθέντων
537 3351 594 3420 καὶ
617 3356 664 3431 είς
684 3347 720 3419 τό
743 3348 973 3440 δεσμωτήριον
986 3344 1177 3417 ἄτοτεθέν·

166 3475 234 3517 των
247 3446 315 3519 ὑπὸ
328 3456 398 3518 τεόν
410 3456 472 3519 τού
488 3458 663 3539 Φρυνίχου
674 3457 802 3540 φίλων,
817 3450 1064 3539 αἰσθανόμενος
1078 3447 1098 3518 ὁ
1113 3454 1178 3536 δῆ-

165 3575 225 3633 μος
245 3550 282 3619 τὸ
303 3551 443 3640 γεγονὸς
462 3552 540 3633 τούς
559 3581 595 3623 τε
617 3557 813 3644 εἱρχθέντας
827 3558 923 3644 ἐξῆγε
943 3554 1001 3623 καὶ
1013 3550 1178 3689 βοισοὶγωγο
