2467 3942
210 215 356 277 XXXIV
398 226 530 275 aucun.
547 224 754 275 onsrronun
769 225 946 274 ansverus
960 224 1084 274 orsos.
1220 278 1222 327 y

296 386 429 465 Quintil.
451 385 530 446 Inst.
553 406 598 445 or.
621 385 662 459 X,
687 387 716 459 1,
740 386 795 445 77:

296 489 405 551 Dulcis
426 489 460 548 in
482 489 587 570 primis
610 496 643 548 et
662 495 770 548 acutus
791 486 980 568 Hyperides,
1002 487 1058 547 sed
1080 488 1172 549 mino·
1220 508 1221 517 ³

211 574 294 636 ribus
312 575 421 648 causis,
444 582 479 634 ut
500 594 564 633 non
588 573 717 634 dixerim
738 572 851 646 utilior,
876 574 973 652 magis
995 593 1061 653 par.
1220 559 1223 717 f

252 963 554 1040 scammum
586 926 866 1038 carmanum
897 962 1138 1037 susurra

557 1097 831 1174 nasorum.

644 1254 750 1265 Mum

296 1340 349 1403 Or.
379 1342 404 1402 I.
455 1340 681 1402 Demosthenes
709 1360 803 1420 quum
830 1340 935 1419 vulgo*
950 1361 1112 1402 munerum
1139 1341 1174 1401 ab

210 1427 349 1507 Harpalo
377 1435 572 1506 acceptorum
600 1435 795 1505 argueretur,
825 1428 1017 1506 rogationem
1045 1427 1117 1487 tulit
1144 1435 1176 1486 ut

209 1511 402 1592 Areopagus,
422 1513 471 1572 cui
492 1512 595 1591 priore
617 1512 713 1591 ipsius
736 1513 897 1591 rogatione
920 1511 959 1573 de
982 1512 1065 1572 omni
1086 1532 1173 1592 pecu·
1223 1551 1225 1593 ,

210 1599 263 1659 nia
283 1597 425 1678 Harpali,
449 1616 528 1676 quae
552 1596 591 1656 de
612 1617 730 1657 summa
746 1597 866 1670 deerat,
891 1599 1029 1677 quaestio
1053 1596 1174 1658 deman·

212 1683 284 1744 data
307 1692 381 1758 erat,
407 1682 446 1742 de
467 1703 501 1742 se
523 1683 705 1742 nominatim
720 1692 891 1762 quaereret,
916 1684 1024 1763 capitis
1047 1703 1175 1763 posnam

210 1768 270 1829 sibi
283 1770 439 1847 irrogans,
448 1770 476 1828 si
488 1766 673 1848 Areopagus
688 1788 788 1829 noxae
803 1787 837 1829 se
852 1769 1051 1848 coarguisset.
1080 1768 1173 1831 Areo·

210 1856 334 1935 pagitae
358 1853 412 1914 diu
434 1854 569 1914 cunctati
590 1853 718 1914 tandem
741 1853 780 1914 de
803 1855 846 1915 eis
869 1855 923 1933 qui
944 1874 1073 1915 munera
1094 1874 1174 1914 acee-
1224 1894 1226 1945 ἶ

210 1941 330 2019 pissent
351 1939 392 2000 ad
413 1939 562 2020 populum
584 1939 769 2013 retulerunt,
796 1939 877 1999 inter
898 1958 975 2018 qnos
997 1939 1173 2002 Demosthe·
1225 1970 1228 2023 p

208 2045 266 2085 nes
288 2022 354 2084 XX
375 2025 526 2086 talentum
548 2025 673 2084 nomine
689 2026 820 2103 scriptus
837 2033 912 2093 erat.
949 2025 1061 2104 Itaque
1083 2025 1122 2086 de
1141 2044 1174 2084 eo
1225 2050 1227 2109 p

108 2160 110 2163 .
210 2111 381 2190 ceterisque
404 2132 443 2173 ex
462 2110 647 2191 populiscito
664 2109 811 2170 indicium
828 2111 996 2170 exercitum
1013 2118 1072 2185 est,
1095 2110 1176 2170 mille
1226 2120 1227 2171 ζ

209 2197 390 2277 quingentis
414 2195 632 2270 iudicantibus,
657 2195 884 2256 accusatoribus
908 2195 1014 2256 decem
1036 2216 1074 2256 ex
1095 2213 1175 2256 more
1226 2210 1227 2283 j

210 2283 393 2343 constitutis.
429 2282 518 2342 Inter
532 2298 609 2361 quos
633 2302 701 2341 eum
715 2283 741 2341 is
757 2280 825 2355 fuit,
849 2282 899 2341 cui
913 2281 1090 2342 Dinarchus
1113 2301 1175 2342 ora·

209 2368 326 2427 tionem
359 2366 461 2428 adhuc
494 2374 647 2426 servatam
674 2366 866 2442 conscripsit,
899 2375 965 2426 tum
990 2366 1174 2447 Hyperides,

209 2453 305 2511 iratus
330 2451 534 2512 Demostheni
560 2451 645 2529 quod
670 2452 860 2530 praeclaram
887 2452 1079 2512 occasionem
1105 2450 1177 2512 belli
1226 2522 1227 2525 Ἴ

210 2557 273 2597 una
288 2557 357 2597 cum
370 2535 509 2615 Harpalo
533 2544 639 2595 contra
653 2535 868 2597 Alexandrum
882 2536 1073 2617 suscipiendi
1094 2537 1177 2616 regia

210 2623 343 2703 pecunia
357 2630 551 2701 corruptuse
572 2621 714 2681 manibus
736 2622 895 2682 emisisset.
938 2621 1094 2683 Damnata
1117 2623 1176 2682 De·

211 2741 414 2750 ..αφ’-...-

278 2806 356 2857 Intsr
378 2805 513 2857 Romanos
537 2806 636 2858 Cicero
659 2805 829 2874 Hyperidem
856 2823 956 2872 saepe,
984 2807 1033 2858 sed
1058 2807 1178 2859 breviter
1226 2822 1227 2831 ¹

210 2890 327 2940 semper,
348 2880 552 2926 commemorat.
583 2875 617 2925 de
641 2878 710 2925 orat
728 2875 785 2937 111,
804 2877 852 2929 28:
866 2872 1051 2931 ,Suavitatem
1072 2872 1177 2928 Isocra·

210 2945 259 3004 tes,
276 2939 458 2994 subtilitatem
476 2939 588 3009 Dysias,
606 2955 722 2994 acumem
739 2939 1053 3010 Hypermestram
1069 2940 1177 2996 Aucti

210 3023 268 3074 mes,
280 3008 336 3061 uim
349 3007 545 3063 Demosthenes
556 3007 662 3062 labate.
679 3037 713 3048 -
731 3011 807 3061 Brut.
821 3013 884 3064 285:
904 3009 1076 3077 (Demetrius
1087 3009 1177 3076 Phal.)

211 3080 251 3130 est
267 3075 408 3143 floridior,
431 3081 463 3130 ut
480 3077 523 3130 ita
541 3075 649 3142 dicam,
670 3091 754 3143 quam
770 3075 944 3145 Hyperides,
1023 3093 1050 3131 m
1068 3077 1177 3147 Lysias.

212 3173 244 3183 -
269 3145 348 3200 Orat.
366 3150 412 3201 90:
438 3143 541 3214 lasiae
558 3144 628 3199 satis
645 3145 777 3212 (facetus)
802 3149 827 3198 et
843 3143 956 3214 Hyperi
1008 3185 1017 3211 ,
1041 3145 1178 3200 Danaae

207 3217 321 3280 praeter
342 3217 442 3267 camos
464 3212 568 3278 fertur,
591 3211 789 3266 Demosthenes
806 3213 900 3268 miuus
915 3212 1039 3267 habetur.
1059 3243 1094 3252 -
1118 3219 1176 3269 110:

155 3334 157 3339 .
211 3283 376 3347 (Demosth.)
397 3279 471 3335 mihil
493 3281 599 3351 IAJsiae
625 3280 779 3335 subtilitate
801 3280 888 3347 cedit,
914 3280 988 3336 amu
1010 3282 1133 3403 emtis
1153 3285 1178 3335 et

211 3348 338 3404 acumine
355 3348 507 3420 Hyperidi,
524 3348 598 3402 mihil
615 3348 745 3404 laevitate
762 3349 895 3405 Aeschini
913 3354 937 3405 et
954 3350 1034 3418 spica
1088 3366 1103 3404 e
1121 3364 1177 3404 eer-

210 3417 311 3472 omum.
335 3448 368 3458 —
393 3421 462 3472 Cum
479 3419 566 3484 Lysia
583 3420 657 3486 Hyp.
676 3421 848 3488 componitur
866 3422 952 3472 etiam
969 3424 1049 3474 Brut.
1066 3422 1113 3484 673
1132 3420 1177 3480 883

209 3504 269 3540 cum
286 3488 472 3540 Demosthene
491 3487 549 3541 ibd.
565 3489 630 3549 sem
653 3489 688 3540 ab
711 3493 826 3553 utroque
848 3488 930 3541 valde
955 3489 1060 3541 distare
1078 3489 1179 3540 dicitur

209 3558 269 3610 285.
290 3584 320 3595 -
341 3556 507 3623 Quintiliani
525 3561 672 3631 praeterea
690 3558 820 3610 conferas
838 3557 928 3611 locum
944 3557 1010 3623 XII,
1031 3559 1073 3623 10,
1091 3559 1134 3611 22.
