2467 3942
395 214 581 279 οιεΛιοιι
600 218 635 276 ε.
661 211 722 297 [α]
1028 217 1068 278 17

119 385 231 474 τεάγει
243 382 308 476 γάρ
321 388 465 476 πατέρας
477 387 540 476 μέν
552 383 770 475 ἀγακλειτοὺς
783 390 838 457 καὶ
853 386 1032 477 έπόλβους,

120 491 245 580 μητέρα
256 487 289 559 δ’
301 486 477 580 άκάμορον
488 490 627 585 θανάτῳ
641 495 788 580 διέκρινε
801 496 935 580 τοκῆος,

56 607 109 662 415
121 589 236 663 αὐτῶν
249 593 287 662 δὲ
300 599 417 683 κτῆσιν
430 593 568 683 μινύθει
584 593 678 665 οἶκόν
689 621 726 663 τε
737 599 909 687 πατρῷον,

122 692 202 765 ἀλλ’
216 692 278 783 οὐχ
292 692 336 776 ὥς
350 694 529 787 πενιχροδς
541 695 680 785 πάμπαν
694 698 751 766 καλ
766 694 954 786 άχρήμονας
964 693 1062 767 εῖναι.
1089 697 1092 706 “

158 798 217 868 καὶ
229 799 314 867 Φαέ
317 809 344 868 θ
353 827 379 869 οι
387 829 409 870 ν
420 796 501 888 μετά
519 805 655 888 Τιτῆνος
669 799 821 889 πατρώια
833 799 942 869 πάντα

120 907 275 991 φθείρει,
289 910 462 984 παντοίαις
474 930 510 972 τε
524 902 665 991 βλάβαις
681 900 775 982 άταις
788 899 813 970 τ’
830 904 1009 992 έπέδησεν·

57 1017 109 1073 419
122 1003 263 1074 πολλάκι
276 1006 332 1073 καὶ
346 1008 455 1094 ξείνης
467 1012 563 1093 γαίης
576 1012 631 1076 ἔπι
645 1001 762 1095 πήματ’
778 1010 922 1091 ἔδωκεν,

56 1121 110 1175 442
123 1103 232 1201 ήῷος
245 1106 307 1195 μέν
323 1106 438 1196 μείοεέ,
453 1105 509 1197 ἐφ’
527 1111 752 1199 ἑσπερίησι
766 1108 804 1178 δὲ
818 1106 924 1178 δεινά.

160 1207 276 1298 ’Ἁρης
290 1207 323 1279 δ’
335 1208 454 1303 Ἠελίῳ
465 1209 593 1282 σννιάν
606 1212 771 1300 πατράσιν
780 1210 843 1299 μὲν
854 1208 962 1296 άνίας,

119 1315 326 1401 μαινομένοις
339 1312 373 1383 δ’
389 1313 502 1396 αὐτοῖς
514 1314 669 1403 θόρυβον
680 1317 738 1384 καί
752 1310 870 1403 πήματ’
885 1320 1028 1384 ἔδωκεν·

55 1429 110 1483 420
121 1413 200 1496 τούς
215 1412 246 1484 δ’
262 1413 328 1506 ἄρα
339 1420 396 1487 καλ
409 1417 534 1507 πάτρης
547 1423 711 1507 γλυκερῆς
723 1423 833 1507 θῆκεν
846 1417 1061 1507 μετανάστας·
1162 1501 1165 1506 ⁴

55 1531 109 1585 425
122 1515 144 1606 ή
157 1524 282 1607 ματίῃ
300 1522 446 1612 γενέθλη
461 1519 493 1592 δ’
508 1518 691 1602 όλοιότατος
705 1527 823 1590 ἔπλετο
836 1520 992 1608 πάντων,

55 1618 232 1711 421ῆσσων
246 1618 279 1691 δ’
295 1623 491 1715 ἑσπέριος
504 1622 633 1712 γεγαάς
651 1621 877 1713 ιἰδρανέστερα
892 1624 988 1713 ῥέζει.

53 1738 107 1794 426
155 1721 411 1817 Ἀφρογευῆς
431 1725 469 1796 δέ
488 1722 625 1800 συνοῦο)
637 1722 804 1813 Ὑπερίονι
817 1728 1063 1814 γεινομένοισιυ

119 1832 310 1915 δυογαμίην
324 1831 459 1917 παρέχει
472 1830 527 1897 καὶ
541 1827 723 1898 δύσκλειαν
735 1829 813 1917 περὶ
827 1830 964 1917 λέκτρα·

120 1926 195 2017 ῆτοι
211 1921 281 2017 γάρ
289 1935 460 2019 πενιχραίς
472 1924 494 2018 ῆ
508 1926 645 2010 δούλαις
658 1925 678 2019 ῆ
691 1931 748 2000 καὶ
761 1926 934 2018 άνάγνοις,

116 2026 210 2120 ῆκαὶ
227 2034 471 2122 πρεσβυτέρησι
484 2034 680 2115 συνέζευξεν
693 2029 771 2121 μάλ’
786 2030 924 2119 άεικῶς,
995 2075 999 2081 ·

52 2129 141 2224 43οή
156 2139 205 2203 ἔτι
220 2134 276 2204 καὶ
289 2150 480 2222 πιναροίσιν
493 2136 705 2224 έφεζομέναις
718 2138 917 2223 στεγέεσσιν.

153 2233 301 2326 Ἑρμῆς
314 2236 347 2307 δ’
361 2234 478 2332 Ἠελίῳ
493 2237 599 2328 ξυνῆν
611 2244 741 2328 βαίνων
755 2235 823 2308 κατ’
839 2235 988 2328 ἀταρπόν
1084 2225 1101 2256 ’

118 2337 265 2429 ήμερσεν
277 2347 397 2430 σοφίης
409 2343 466 2411 καὶ
479 2346 632 2431 παιδείης
644 2340 736 2430 μάλοιΙ
746 2341 868 2432 πάσης·

117 2443 327 2531 ἑζομένουςδ
340 2444 449 2508 ὤπασσε
463 2450 560 2532 βίους
661 2455 679 2497 *
758 2456 775 2499 *
853 2454 871 2498 *

118 2556 137 2599 *
241 2555 268 2637 *ρ
462 2547 551 2636 μάλα
565 2545 598 2616 δ’
618 2544 782 2641 ῆῳησιν
802 2544 959 2618 ἀνάσσων
1007 2563 1061 2619 434

52 2664 107 2720 434
120 2646 241 2740 ιἰνέρας
253 2644 416 2738 άφνειοδς
439 2647 445 2738 Ι
466 2657 585 2740 ποίησε
599 2650 696 2721 πόλει
713 2649 924 2740 παναγήτους
1005 2665 1060 2723 433

117 2764 135 2807 ε
251 2759 270 2802 ι
383 2760 401 2805 ε
517 2762 535 2804 ε
653 2765 669 2807 ι
785 2764 803 2808 ε

52 2869 103 2925 435
116 2851 277 2946 πρῆξίνθ’
286 2852 411 2944 ήσσονα
425 2849 515 2943 δότ’,
529 2859 568 2926 ἐν
577 2855 699 2948 πρήξεΐ
708 2852 738 2927 τ’
752 2862 855 2946 ἔμμεν
867 2852 921 2926 ὑπ’
936 2852 1059 2939 ἄλλοις.

160 2960 269 3029 Τόσσα
286 2955 626 3054 μένἨελίῳμοόυῳ
643 2964 744 3052 ξυνῆ
757 2958 938 3048 παρεόντες

118 3058 256 3151 ῥέζοντ’,
278 3060 333 3131 ἶσα
348 3061 386 3131 δὲ
399 3078 483 3134 τοῖσι
498 3065 554 3133 καὶ
568 3059 664 3132 άντί
671 3092 719 3134 ον
728 3059 870 3134 Ἠελίοιο

64 3215 82 3256 ,
119 3163 326 3252 φαινόμενοι.
348 3162 473 3256 Μήνη
487 3163 518 3235 δ’
534 3160 635 3235 άσδν
648 3162 800 3236 αὐτοῖσιν
812 3170 984 3256 παρεοῦσα

116 3270 203 3357 ῥέζει
217 3269 254 3337 έν
267 3271 422 3356 δισσῆοιν
434 3266 631 3357 άπορροίαις
646 3284 813 3358 συναφαῖς
825 3296 862 3339 τε

53 3382 106 3439 440
117 3380 256 3457 θνητοῖς
266 3373 305 3440 έν
316 3377 447 3464 μογερῳ
460 3370 579 3464 βιότῳ,
600 3373 656 3440 καὶ
667 3377 732 3442 νῦν
745 3373 905 3460 ένέποιμι.

157 3468 271 3561 άστέρι
284 3473 346 3561 μέν
359 3482 418 3543 Φα
429 3481 493 3544 ίνο
502 3501 597 3554 ντος
614 3476 817 3565 ἐπερχομένη
830 3474 1034 3559 συναφῆσιν,

117 3572 236 3664 αόγαίς
248 3572 461 3667 αὐξομένη
474 3583 650 3669 κρείσσων,
664 3580 741 3668 περὶ
754 3577 884 3666 μητέρα
894 3569 928 3640 δ’
942 3565 1057 3646 αίνῡῧε·

91 3673 229 3745 imm.
845 3684 865 3744 2
