<?xml version="1.0" encoding="UTF-8"?>
<!DOCTYPE html PUBLIC "-//W3C//DTD XHTML 1.0 Transitional//EN"
    "http://www.w3.org/TR/xhtml1/DTD/xhtml1-transitional.dtd">
<html xmlns="http://www.w3.org/1999/xhtml" xml:lang="en" lang="en">
 <head>
  <title>
</title>
<meta http-equiv="Content-Type" content="text/html;charset=utf-8" />
  <meta name='ocr-system' content='tesseract 3.04.00' />
  <meta name='ocr-capabilities' content='ocr_page ocr_carea ocr_par ocr_line ocrx_word'/>
</head>
<body>
  <div class='ocr_page' id='page_1' title='image "./hyperidisoratio01blasgoog/hyperidisoratio01blasgoog_0521.png"; bbox 0 0 2467 3942; ppageno 0'>
   <div class='ocr_carea' id='block_1_1' title="bbox 293 215 1047 299">
    <p class='ocr_par' dir='ltr' id='par_1_1' title="bbox 293 215 1047 299">
     <span class='ocr_line' id='line_1_1' title="bbox 293 215 1047 299; baseline 0.007 -23"><span class='ocrx_word' id='word_1_1' title='bbox 293 282 298 287; x_wconf 63' lang='grc'><strong><em>,</em></strong></span> <span class='ocrx_word' id='word_1_2' title='bbox 390 216 574 278; x_wconf 72' lang='grc' dir='ltr'><strong><em>σιεαιοα</em></strong></span> <span class='ocrx_word' id='word_1_3' title='bbox 593 238 619 288; x_wconf 75' lang='grc' dir='ltr'><strong><em>ς.</em></strong></span> <span class='ocrx_word' id='word_1_4' title='bbox 638 215 699 299; x_wconf 70' lang='lat' dir='ltr'><strong><em>[n]</em></strong></span> <span class='ocrx_word' id='word_1_5' title='bbox 1006 219 1047 281; x_wconf 82' lang='lat'><strong><em>49</em></strong></span> 
     </span>
    </p>
   </div>
   <div class='ocr_carea' id='block_1_2' title="bbox 20 385 1045 3257">
    <p class='ocr_par' dir='ltr' id='par_1_2' title="bbox 20 385 1045 3257">
     <span class='ocr_line' id='line_1_2' title="bbox 93 385 980 479; baseline 0.001 -19"><span class='ocrx_word' id='word_1_6' title='bbox 93 386 162 470; x_wconf 75' lang='grc' dir='ltr'><strong><em>οὓς</em></strong></span> <span class='ocrx_word' id='word_1_7' title='bbox 175 389 214 460; x_wconf 72' lang='grc' dir='ltr'><strong><em>δέ</em></strong></span> <span class='ocrx_word' id='word_1_8' title='bbox 232 390 289 459; x_wconf 83' lang='grc' dir='ltr'><strong><em>καὶ</em></strong></span> <span class='ocrx_word' id='word_1_9' title='bbox 302 385 487 479; x_wconf 76' lang='grc' dir='ltr'><strong><em>ἀλλοτρίων</em></strong></span> <span class='ocrx_word' id='word_1_10' title='bbox 500 388 650 460; x_wconf 90' lang='grc' dir='ltr'><strong><em>κτεάνων</em></strong></span> <span class='ocrx_word' id='word_1_11' title='bbox 667 388 850 479; x_wconf 84' lang='grc' dir='ltr'><strong><em>ίθόντορας</em></strong></span> <span class='ocrx_word' id='word_1_12' title='bbox 864 395 980 479; x_wconf 79' lang='grc' dir='ltr'><strong><em>ἔρξαν·</em></strong></span> 
     </span>
     <span class='ocr_line' id='line_1_3' title="bbox 95 492 980 582; baseline 0.002 -20"><span class='ocrx_word' id='word_1_13' title='bbox 95 494 162 563; x_wconf 79' lang='grc' dir='ltr'><strong><em>καί</em></strong></span> <span class='ocrx_word' id='word_1_14' title='bbox 175 493 213 563; x_wconf 71' lang='grc' dir='ltr'><strong><em>δὲ</em></strong></span> <span class='ocrx_word' id='word_1_15' title='bbox 226 494 283 562; x_wconf 79' lang='grc' dir='ltr'><strong><em>καὶ</em></strong></span> <span class='ocrx_word' id='word_1_16' title='bbox 293 495 331 563; x_wconf 99' lang='grc' dir='ltr'><strong><em>ἐν</em></strong></span> <span class='ocrx_word' id='word_1_17' title='bbox 344 507 513 582; x_wconf 76' lang='grc' dir='ltr'><strong><em>τροπικοῖς</em></strong></span> <span class='ocrx_word' id='word_1_18' title='bbox 524 492 587 580; x_wconf 74' lang='grc' dir='ltr'><strong><em>μὲν</em></strong></span> <span class='ocrx_word' id='word_1_19' title='bbox 601 495 657 582; x_wconf 80' lang='grc' dir='ltr'><strong><em>ἕης</em></strong></span> <span class='ocrx_word' id='word_1_20' title='bbox 665 495 791 581; x_wconf 88' lang='grc' dir='ltr'><strong><em>πάτρης</em></strong></span> <span class='ocrx_word' id='word_1_21' title='bbox 805 496 980 575; x_wconf 83' lang='grc' dir='ltr'><strong><em>διέποντας</em></strong></span> 
     </span>
     <span class='ocr_line' id='line_1_4' title="bbox 20 584 994 686; baseline -0.001 -17"><span class='ocrx_word' id='word_1_22' title='bbox 20 613 81 669; x_wconf 87' lang='grc'><strong><em>360</em></strong></span> <span class='ocrx_word' id='word_1_23' title='bbox 96 593 245 686; x_wconf 81' lang='grc' dir='ltr'><strong><em>χρήματ’</em></strong></span> <span class='ocrx_word' id='word_1_24' title='bbox 262 595 314 666; x_wconf 74' lang='grc' dir='ltr'><strong><em>ίδέ</em></strong></span> <span class='ocrx_word' id='word_1_25' title='bbox 332 594 434 679; x_wconf 81' lang='grc' dir='ltr'><strong><em>ξυνόν</em></strong></span> <span class='ocrx_word' id='word_1_26' title='bbox 448 601 610 666; x_wconf 83' lang='grc' dir='ltr'><strong><em>πλούτου·</em></strong></span> <span class='ocrx_word' id='word_1_27' title='bbox 631 584 794 685; x_wconf 81' lang='grc' dir='ltr'><strong><em>στερευῑσι</em></strong></span> <span class='ocrx_word' id='word_1_28' title='bbox 809 594 842 666; x_wconf 88' lang='grc' dir='ltr'><strong><em>δ’</em></strong></span> <span class='ocrx_word' id='word_1_29' title='bbox 859 595 994 677; x_wconf 76' lang='grc' dir='ltr'><strong><em>ἐνόντες</em></strong></span> 
     </span>
     <span class='ocr_line' id='line_1_5' title="bbox 95 695 967 790; baseline -0.002 -20"><span class='ocrx_word' id='word_1_30' title='bbox 95 700 287 787; x_wconf 79' lang='grc' dir='ltr'><strong><em>ἕζομένους,</em></strong></span> <span class='ocrx_word' id='word_1_31' title='bbox 302 695 361 768; x_wconf 80' lang='grc' dir='ltr'><strong><em>ὅθι</em></strong></span> <span class='ocrx_word' id='word_1_32' title='bbox 374 696 404 768; x_wconf 88' lang='grc' dir='ltr'><strong><em>τ’</em></strong></span> <span class='ocrx_word' id='word_1_33' title='bbox 420 698 494 769; x_wconf 77' lang='grc' dir='ltr'><strong><em>αίὲν</em></strong></span> <span class='ocrx_word' id='word_1_34' title='bbox 508 695 680 788; x_wconf 77' lang='grc' dir='ltr'><strong><em>ἀμείβεται</em></strong></span> <span class='ocrx_word' id='word_1_35' title='bbox 694 697 844 790; x_wconf 87' lang='grc' dir='ltr'><strong><em>ἀργύρου</em></strong></span> <span class='ocrx_word' id='word_1_36' title='bbox 857 711 967 789; x_wconf 84' lang='grc' dir='ltr'><strong><em>αλγλη.</em></strong></span> 
     </span>
     <span class='ocr_line' id='line_1_6' title="bbox 143 797 1044 892; baseline -0.001 -20"><span class='ocrx_word' id='word_1_37' title='bbox 143 801 294 883; x_wconf 74' lang='grc' dir='ltr'><strong><em>εἰδώλοις</em></strong></span> <span class='ocrx_word' id='word_1_38' title='bbox 308 799 341 872; x_wconf 88' lang='grc' dir='ltr'><strong><em>δ’</em></strong></span> <span class='ocrx_word' id='word_1_39' title='bbox 353 804 392 871; x_wconf 86' lang='grc' dir='ltr'><strong><em>ἐν</em></strong></span> <span class='ocrx_word' id='word_1_40' title='bbox 403 797 536 892; x_wconf 75' lang='grc' dir='ltr'><strong><em>ὑγροῖσι</em></strong></span> <span class='ocrx_word' id='word_1_41' title='bbox 544 802 710 892; x_wconf 83' lang='grc' dir='ltr'><strong><em>Κρόνον</em></strong></span> <span class='ocrx_word' id='word_1_42' title='bbox 722 804 778 872; x_wconf 80' lang='grc' dir='ltr'><strong><em>καὶ</em></strong></span> <span class='ocrx_word' id='word_1_43' title='bbox 792 801 1044 892; x_wconf 74' lang='grc' dir='ltr'><strong><em>ῳοίνιονἌρην</em></strong></span> 
     </span>
     <span class='ocr_line' id='line_1_7' title="bbox 95 901 891 996; baseline 0 -21"><span class='ocrx_word' id='word_1_44' title='bbox 95 902 210 996; x_wconf 80' lang='grc' dir='ltr'><strong><em>ξυνὴν</em></strong></span> <span class='ocrx_word' id='word_1_45' title='bbox 223 903 422 988; x_wconf 81' lang='grc' dir='ltr'><strong><em>ἐξανύοντας</em></strong></span> <span class='ocrx_word' id='word_1_46' title='bbox 435 901 517 976; x_wconf 84' lang='grc' dir='ltr'><strong><em>ὁδὸν</em></strong></span> <span class='ocrx_word' id='word_1_47' title='bbox 535 904 660 975; x_wconf 85' lang='grc' dir='ltr'><strong><em>Τιτάν</em></strong></span> <span class='ocrx_word' id='word_1_48' title='bbox 679 902 734 975; x_wconf 86' lang='grc' dir='ltr'><strong><em>ὅτε</em></strong></span> <span class='ocrx_word' id='word_1_49' title='bbox 747 904 891 995; x_wconf 87' lang='grc' dir='ltr'><strong><em>λεύσση,</em></strong></span> 
     </span>
     <span class='ocr_line' id='line_1_8' title="bbox 95 1006 873 1098; baseline 0 -19"><span class='ocrx_word' id='word_1_50' title='bbox 95 1012 279 1098; x_wconf 78' lang='grc' dir='ltr'><strong><em>πλωτῆρας</em></strong></span> <span class='ocrx_word' id='word_1_51' title='bbox 291 1013 386 1097; x_wconf 93' lang='grc' dir='ltr'><strong><em>νηῶν</em></strong></span> <span class='ocrx_word' id='word_1_52' title='bbox 399 1034 436 1078; x_wconf 87' lang='grc' dir='ltr'><strong><em>τε</em></strong></span> <span class='ocrx_word' id='word_1_53' title='bbox 449 1014 700 1098; x_wconf 77' lang='grc' dir='ltr'><strong><em>κυβερνητῆρος</em></strong></span> <span class='ocrx_word' id='word_1_54' title='bbox 714 1006 873 1098; x_wconf 78' lang='grc' dir='ltr'><strong><em>ἀρίστους</em></strong></span> 
     </span>
     <span class='ocr_line' id='line_1_9' title="bbox 22 1107 1043 1200; baseline -0.003 -19"><span class='ocrx_word' id='word_1_55' title='bbox 22 1126 80 1181; x_wconf 80' lang='grc'><strong><em>365</em></strong></span> <span class='ocrx_word' id='word_1_56' title='bbox 96 1111 223 1199; x_wconf 81' lang='grc' dir='ltr'><strong><em>τεύχει,</em></strong></span> <span class='ocrx_word' id='word_1_57' title='bbox 238 1117 350 1200; x_wconf 73' lang='grc' dir='ltr'><strong><em>Ζῆνα</em></strong></span> <span class='ocrx_word' id='word_1_58' title='bbox 364 1108 396 1181; x_wconf 85' lang='grc' dir='ltr'><strong><em>δ’</em></strong></span> <span class='ocrx_word' id='word_1_59' title='bbox 413 1107 513 1200; x_wconf 75' lang='grc' dir='ltr'><strong><em>ὁρῶν,</em></strong></span> <span class='ocrx_word' id='word_1_60' title='bbox 528 1111 587 1180; x_wconf 88' lang='grc' dir='ltr'><strong><em>καί</em></strong></span> <span class='ocrx_word' id='word_1_61' title='bbox 600 1108 632 1179; x_wconf 86' lang='grc' dir='ltr'><strong><em>τ’</em></strong></span> <span class='ocrx_word' id='word_1_62' title='bbox 646 1108 848 1192; x_wconf 86' lang='grc' dir='ltr'><strong><em>ἀπταίστους</em></strong></span> <span class='ocrx_word' id='word_1_63' title='bbox 860 1111 911 1180; x_wconf 80' lang='grc' dir='ltr'><strong><em>ἐνὶ</em></strong></span> <span class='ocrx_word' id='word_1_64' title='bbox 925 1110 1043 1199; x_wconf 80' lang='grc' dir='ltr'><strong><em>πάτρη.</em></strong></span> 
     </span>
     <span class='ocr_line' id='line_1_10' title="bbox 127 1209 1043 1304; baseline -0.001 -21"><span class='ocrx_word' id='word_1_65' title='bbox 127 1212 321 1303; x_wconf 82' lang='grc' dir='ltr'><strong><em>χρυσοῳαης</em></strong></span> <span class='ocrx_word' id='word_1_66' title='bbox 332 1209 487 1304; x_wconf 63' lang='grc' dir='ltr'><strong><em>δ”Ερμῆ</em></strong></span> <span class='ocrx_word' id='word_1_67' title='bbox 493 1216 575 1294; x_wconf 81' lang='grc' dir='ltr'><strong><em>ςκαὶ</em></strong></span> <span class='ocrx_word' id='word_1_68' title='bbox 584 1211 815 1302; x_wconf 85' lang='grc' dir='ltr'><strong><em>παμφαίνουσ’</em></strong></span> <span class='ocrx_word' id='word_1_69' title='bbox 825 1211 1043 1302; x_wconf 81' lang='grc' dir='ltr'><strong><em>Ἀφροδίτη</em></strong></span> 
     </span>
     <span class='ocr_line' id='line_1_11' title="bbox 98 1312 921 1407; baseline -0.001 -20"><span class='ocrx_word' id='word_1_70' title='bbox 98 1314 224 1389; x_wconf 81' lang='grc' dir='ltr'><strong><em>ὁππότ’</em></strong></span> <span class='ocrx_word' id='word_1_71' title='bbox 239 1312 282 1388; x_wconf 84' lang='grc' dir='ltr'><strong><em>ἀν</em></strong></span> <span class='ocrx_word' id='word_1_72' title='bbox 300 1314 455 1407; x_wconf 82' lang='grc' dir='ltr'><strong><em>ἀλλήλων</em></strong></span> <span class='ocrx_word' id='word_1_73' title='bbox 467 1328 570 1399; x_wconf 83' lang='grc' dir='ltr'><strong><em>οίκοις</em></strong></span> <span class='ocrx_word' id='word_1_74' title='bbox 584 1324 773 1406; x_wconf 83' lang='grc' dir='ltr'><strong><em>φαίνωνται</em></strong></span> <span class='ocrx_word' id='word_1_75' title='bbox 786 1316 921 1396; x_wconf 86' lang='grc' dir='ltr'><strong><em>ἐπόντες</em></strong></span> 
     </span>
     <span class='ocr_line' id='line_1_12' title="bbox 97 1415 920 1513; baseline 0.001 -24"><span class='ocrx_word' id='word_1_76' title='bbox 97 1415 194 1510; x_wconf 78' lang='grc' dir='ltr'><strong><em>ἢκαί</em></strong></span> <span class='ocrx_word' id='word_1_77' title='bbox 212 1421 421 1509; x_wconf 82' lang='grc' dir='ltr'><strong><em>ἐναλλάγδην</em></strong></span> <span class='ocrx_word' id='word_1_78' title='bbox 437 1416 540 1510; x_wconf 85' lang='grc' dir='ltr'><strong><em>ὁρίων</em></strong></span> <span class='ocrx_word' id='word_1_79' title='bbox 552 1427 688 1513; x_wconf 87' lang='grc' dir='ltr'><strong><em>μοίρησι</em></strong></span> <span class='ocrx_word' id='word_1_80' title='bbox 704 1425 866 1509; x_wconf 87' lang='grc' dir='ltr'><strong><em>βεβῶτες,</em></strong></span> <span class='ocrx_word' id='word_1_81' title='bbox 913 1442 920 1469; x_wconf 60' lang='lat'><strong><em>1‘</em></strong></span> 
     </span>
     <span class='ocr_line' id='line_1_13' title="bbox 98 1520 972 1615; baseline -0.001 -23"><span class='ocrx_word' id='word_1_82' title='bbox 98 1528 269 1615; x_wconf 76' lang='grc' dir='ltr'><strong><em>μολπῇσιν</em></strong></span> <span class='ocrx_word' id='word_1_83' title='bbox 281 1529 464 1614; x_wconf 77' lang='grc' dir='ltr'><strong><em>γλυκερῇσι</em></strong></span> <span class='ocrx_word' id='word_1_84' title='bbox 479 1524 664 1614; x_wconf 88' lang='grc' dir='ltr'><strong><em>μεμηλότας</em></strong></span> <span class='ocrx_word' id='word_1_85' title='bbox 677 1520 803 1615; x_wconf 82' lang='grc' dir='ltr'><strong><em>ἀνδρας</em></strong></span> <span class='ocrx_word' id='word_1_86' title='bbox 818 1526 972 1611; x_wconf 74' lang='grc' dir='ltr'><strong><em>ἔτευξαν,</em></strong></span> 
     </span>
     <span class='ocr_line' id='line_1_14' title="bbox 28 1623 934 1717; baseline -0.001 -21"><span class='ocrx_word' id='word_1_87' title='bbox 28 1641 87 1697; x_wconf 84' lang='grc'><strong><em>370</em></strong></span> <span class='ocrx_word' id='word_1_88' title='bbox 100 1623 125 1717; x_wconf 77' lang='grc' dir='ltr'><em>ἢ</em></span> <span class='ocrx_word' id='word_1_89' title='bbox 144 1631 287 1715; x_wconf 80' lang='grc' dir='ltr'><strong><em>λιγυρῆς</em></strong></span> <span class='ocrx_word' id='word_1_90' title='bbox 305 1627 450 1717; x_wconf 89' lang='grc' dir='ltr'><strong><em>κιθάρης</em></strong></span> <span class='ocrx_word' id='word_1_91' title='bbox 464 1630 653 1717; x_wconf 80' lang='grc' dir='ltr'><strong><em>ἐπιίστορας</em></strong></span> <span class='ocrx_word' id='word_1_92' title='bbox 666 1624 727 1716; x_wconf 71' lang='grc' dir='ltr'><strong><em>ἠδὲ</em></strong></span> <span class='ocrx_word' id='word_1_93' title='bbox 740 1628 796 1697; x_wconf 81' lang='grc' dir='ltr'><strong><em>καί</em></strong></span> <span class='ocrx_word' id='word_1_94' title='bbox 809 1624 934 1697; x_wconf 84' lang='grc' dir='ltr'><strong><em>αύλῶν.</em></strong></span> 
     </span>
     <span class='ocr_line' id='line_1_15' title="bbox 103 1724 968 1819; baseline -0.001 -20"><span class='ocrx_word' id='word_1_95' title='bbox 103 1735 211 1800; x_wconf 77' lang='grc' dir='ltr'><strong><em>ταῦτα</em></strong></span> <span class='ocrx_word' id='word_1_96' title='bbox 225 1725 258 1799; x_wconf 89' lang='grc' dir='ltr'><strong><em>δ’</em></strong></span> <span class='ocrx_word' id='word_1_97' title='bbox 280 1727 336 1819; x_wconf 80' lang='grc' dir='ltr'><strong><em>ἀρ’</em></strong></span> <span class='ocrx_word' id='word_1_98' title='bbox 353 1733 559 1815; x_wconf 87' lang='grc' dir='ltr'><strong><em>ἐκτελέουσι,</em></strong></span> <span class='ocrx_word' id='word_1_99' title='bbox 573 1732 630 1800; x_wconf 78' lang='grc' dir='ltr'><strong><em>καὶ</em></strong></span> <span class='ocrx_word' id='word_1_100' title='bbox 643 1724 686 1819; x_wconf 72' lang='grc' dir='ltr'><strong><em>ἢν</em></strong></span> <span class='ocrx_word' id='word_1_101' title='bbox 700 1727 805 1818; x_wconf 80' lang='grc' dir='ltr'><strong><em>ξυνην</em></strong></span> <span class='ocrx_word' id='word_1_102' title='bbox 818 1726 968 1799; x_wconf 83' lang='grc' dir='ltr'><strong><em>ἀνύωσιν</em></strong></span> 
     </span>
     <span class='ocr_line' id='line_1_16' title="bbox 101 1822 1041 1922; baseline -0.007 -17"><span class='ocrx_word' id='word_1_103' title='bbox 101 1832 280 1922; x_wconf 85' lang='grc' dir='ltr'><strong><em>οίμον,τοῶ</em></strong></span> <span class='ocrx_word' id='word_1_104' title='bbox 293 1833 355 1921; x_wconf 82' lang='grc' dir='ltr'><strong><em>μέν</em></strong></span> <span class='ocrx_word' id='word_1_105' title='bbox 365 1833 502 1912; x_wconf 90' lang='grc' dir='ltr'><strong><em>ἐπόντος</em></strong></span> <span class='ocrx_word' id='word_1_106' title='bbox 516 1829 617 1921; x_wconf 85' lang='grc' dir='ltr'><strong><em>όροις,</em></strong></span> <span class='ocrx_word' id='word_1_107' title='bbox 630 1837 689 1921; x_wconf 80' lang='grc' dir='ltr'><strong><em>τῆς</em></strong></span> <span class='ocrx_word' id='word_1_108' title='bbox 702 1829 736 1900; x_wconf 87' lang='grc' dir='ltr'><strong><em>δ’</em></strong></span> <span class='ocrx_word' id='word_1_109' title='bbox 754 1822 835 1901; x_wconf 84' lang='grc' dir='ltr'><strong><em>αὖτε</em></strong></span> <span class='ocrx_word' id='word_1_110' title='bbox 848 1827 921 1901; x_wconf 90' lang='grc' dir='ltr'><strong><em>κατ’</em></strong></span> <span class='ocrx_word' id='word_1_111' title='bbox 937 1829 1041 1900; x_wconf 79' lang='grc' dir='ltr'><strong><em>οἶκον.</em></strong></span> 
     </span>
     <span class='ocr_line' id='line_1_17' title="bbox 140 1927 1043 2030; baseline -0.004 -25"><span class='ocrx_word' id='word_1_112' title='bbox 140 1936 330 2030; x_wconf 83' lang='grc' dir='ltr'><strong><em>μεσσοτάτῳ</em></strong></span> <span class='ocrx_word' id='word_1_113' title='bbox 344 1933 376 2012; x_wconf 86' lang='grc' dir='ltr'><strong><em>δ’</em></strong></span> <span class='ocrx_word' id='word_1_114' title='bbox 395 1927 463 2007; x_wconf 81' lang='grc' dir='ltr'><strong><em>εὖτ’</em></strong></span> <span class='ocrx_word' id='word_1_115' title='bbox 481 1930 524 2005; x_wconf 85' lang='grc' dir='ltr'><strong><em>ἀν</em></strong></span> <span class='ocrx_word' id='word_1_116' title='bbox 538 1936 666 2027; x_wconf 88' lang='grc' dir='ltr'><strong><em>κέντρῳ</em></strong></span> <span class='ocrx_word' id='word_1_117' title='bbox 681 1933 837 2024; x_wconf 83' lang='grc' dir='ltr'><strong><em>Θοῶρός</em></strong></span> <span class='ocrx_word' id='word_1_118' title='bbox 849 1961 886 2002; x_wconf 92' lang='grc' dir='ltr'><strong><em>τε</em></strong></span> <span class='ocrx_word' id='word_1_119' title='bbox 899 1935 955 2005; x_wconf 80' lang='grc' dir='ltr'><strong><em>καὶ</em></strong></span> <span class='ocrx_word' id='word_1_120' title='bbox 964 1930 1043 2022; x_wconf 69' lang='grc' dir='ltr'><strong><em>Ἐρ-</em></strong></span> 
     </span>
     <span class='ocr_line' id='line_1_18' title="bbox 664 2064 743 2127; baseline 0.025 -2"><span class='ocrx_word' id='word_1_121' title='bbox 664 2064 743 2127; x_wconf 55' lang='grc' dir='ltr'><strong><em>μηδ</em></strong></span> 
     </span>
     <span class='ocr_line' id='line_1_19' title="bbox 100 2137 988 2229; baseline -0.003 -17"><span class='ocrx_word' id='word_1_122' title='bbox 100 2144 270 2212; x_wconf 76' lang='grc' dir='ltr'><strong><em>ἕσπωνται</em></strong></span> <span class='ocrx_word' id='word_1_123' title='bbox 286 2141 482 2228; x_wconf 78' lang='grc' dir='ltr'><strong><em>κατόπισθε,</em></strong></span> <span class='ocrx_word' id='word_1_124' title='bbox 496 2148 701 2229; x_wconf 89' lang='grc' dir='ltr'><strong><em>παλαίστρης</em></strong></span> <span class='ocrx_word' id='word_1_125' title='bbox 715 2137 787 2229; x_wconf 81' lang='grc' dir='ltr'><strong><em>ἔργ’</em></strong></span> <span class='ocrx_word' id='word_1_126' title='bbox 804 2141 988 2227; x_wconf 78' lang='grc' dir='ltr'><strong><em>ἐφέποντας</em></strong></span> 
     </span>
     <span class='ocr_line' id='line_1_20' title="bbox 31 2240 993 2334; baseline -0.003 -20"><span class='ocrx_word' id='word_1_127' title='bbox 31 2259 86 2315; x_wconf 78' lang='grc'><strong><em>375</em></strong></span> <span class='ocrx_word' id='word_1_128' title='bbox 100 2240 124 2334; x_wconf 73' lang='grc' dir='ltr'>ἢ</span> <span class='ocrx_word' id='word_1_129' title='bbox 139 2241 329 2332; x_wconf 83' lang='grc' dir='ltr'><strong><em>σθεναρούς</em></strong></span> <span class='ocrx_word' id='word_1_130' title='bbox 349 2245 507 2334; x_wconf 77' lang='grc' dir='ltr'><strong><em>ῥοπάλοις</em></strong></span> <span class='ocrx_word' id='word_1_131' title='bbox 522 2273 558 2315; x_wconf 88' lang='grc' dir='ltr'><strong><em>τε</em></strong></span> <span class='ocrx_word' id='word_1_132' title='bbox 572 2241 759 2333; x_wconf 75' lang='grc' dir='ltr'><strong><em>γεγηθότες</em></strong></span> <span class='ocrx_word' id='word_1_133' title='bbox 772 2244 993 2325; x_wconf 84' lang='grc' dir='ltr'><strong><em>ἐξετέλεσσαν.</em></strong></span> 
     </span>
     <span class='ocr_line' id='line_1_21' title="bbox 142 2338 1045 2437; baseline -0.004 -20"><span class='ocrx_word' id='word_1_134' title='bbox 142 2338 215 2417; x_wconf 81' lang='grc' dir='ltr'><strong><em>εὖτ’</em></strong></span> <span class='ocrx_word' id='word_1_135' title='bbox 235 2341 278 2415; x_wconf 84' lang='grc' dir='ltr'><strong><em>ἀν</em></strong></span> <span class='ocrx_word' id='word_1_136' title='bbox 295 2344 326 2416; x_wconf 84' lang='grc' dir='ltr'><strong><em>δ’</em></strong></span> <span class='ocrx_word' id='word_1_137' title='bbox 353 2342 507 2437; x_wconf 76' lang='grc' dir='ltr'><strong><em>ῶρονομῇ</em></strong></span> <span class='ocrx_word' id='word_1_138' title='bbox 529 2349 720 2437; x_wconf 84' lang='grc' dir='ltr'><strong><em>Κυθέρη,</em></strong></span> <span class='ocrx_word' id='word_1_139' title='bbox 748 2349 923 2416; x_wconf 88' lang='grc' dir='ltr'><strong><em>Φαέθων</em></strong></span> <span class='ocrx_word' id='word_1_140' title='bbox 945 2346 986 2415; x_wconf 82' lang='grc' dir='ltr'><strong><em>δέ</em></strong></span> <span class='ocrx_word' id='word_1_141' title='bbox 1009 2372 1045 2413; x_wconf 91' lang='grc' dir='ltr'><strong><em>τε</em></strong></span> 
     </span>
     <span class='ocr_line' id='line_1_22' title="bbox 662 2448 962 2538; baseline -0.01 0"><span class='ocrx_word' id='word_1_142' title='bbox 662 2448 768 2538; x_wconf 64' lang='grc' dir='ltr'><strong><em>δύνῃι</em></strong></span> <span class='ocrx_word' id='word_1_143' title='bbox 816 2458 820 2467; x_wconf 40' lang='lat'>¹</span> <span class='ocrx_word' id='word_1_144' title='bbox 961 2476 962 2479; x_wconf 29' lang='lat'>¹</span> 
     </span>
     <span class='ocr_line' id='line_1_23' title="bbox 103 2547 966 2646; baseline 0 -26"><span class='ocrx_word' id='word_1_145' title='bbox 103 2549 256 2640; x_wconf 77' lang='grc' dir='ltr'><strong><em>ὁνιῳαης</em></strong></span> <span class='ocrx_word' id='word_1_146' title='bbox 271 2551 308 2622; x_wconf 74' lang='grc' dir='ltr'><strong><em>δέ</em></strong></span> <span class='ocrx_word' id='word_1_147' title='bbox 320 2551 481 2641; x_wconf 84' lang='grc' dir='ltr'><strong><em>Κρόνος</em></strong></span> <span class='ocrx_word' id='word_1_148' title='bbox 494 2555 622 2646; x_wconf 86' lang='grc' dir='ltr'><strong><em>κέντρῳ</em></strong></span> <span class='ocrx_word' id='word_1_149' title='bbox 637 2548 780 2641; x_wconf 85' lang='grc' dir='ltr'><strong><em>ῳαίνηθ’</em></strong></span> <span class='ocrx_word' id='word_1_150' title='bbox 799 2547 966 2645; x_wconf 76' lang='grc' dir='ltr'><strong><em>ὑπογείῳ,</em></strong></span> 
     </span>
     <span class='ocr_line' id='line_1_24' title="bbox 101 2653 971 2745; baseline -0.002 -20"><span class='ocrx_word' id='word_1_151' title='bbox 101 2653 285 2735; x_wconf 87' lang='grc' dir='ltr'><strong><em>θεσπιστάς</em></strong></span> <span class='ocrx_word' id='word_1_152' title='bbox 301 2656 472 2744; x_wconf 84' lang='grc' dir='ltr'><strong><em>θεόληπτοι</em></strong></span> <span class='ocrx_word' id='word_1_153' title='bbox 485 2655 672 2745; x_wconf 91' lang='grc' dir='ltr'><strong><em>μεμηνότας</em></strong></span> <span class='ocrx_word' id='word_1_154' title='bbox 691 2655 765 2725; x_wconf 72' lang='grc' dir='ltr'><strong><em>αίὲν</em></strong></span> <span class='ocrx_word' id='word_1_155' title='bbox 777 2661 917 2743; x_wconf 85' lang='grc' dir='ltr'><strong><em>ἐθηκαν.</em></strong></span> <span class='ocrx_word' id='word_1_156' title='bbox 967 2680 971 2687; x_wconf 93' lang='grc'><em>·</em></span> 
     </span>
     <span class='ocr_line' id='line_1_25' title="bbox 141 2755 1045 2848; baseline -0.002 -21"><span class='ocrx_word' id='word_1_157' title='bbox 141 2755 245 2828; x_wconf 81' lang='grc' dir='ltr'><strong><em>ταύτά</em></strong></span> <span class='ocrx_word' id='word_1_158' title='bbox 266 2756 297 2827; x_wconf 89' lang='grc' dir='ltr'><strong><em>δ’</em></strong></span> <span class='ocrx_word' id='word_1_159' title='bbox 321 2756 374 2847; x_wconf 84' lang='grc' dir='ltr'><strong><em>ἀρ’</em></strong></span> <span class='ocrx_word' id='word_1_160' title='bbox 398 2761 608 2831; x_wconf 73' lang='grc' dir='ltr'><strong><em>ἐκτελέουσιν</em></strong></span> <span class='ocrx_word' id='word_1_161' title='bbox 634 2755 719 2848; x_wconf 77' lang='grc' dir='ltr'><strong><em>ὁμοῦ</em></strong></span> <span class='ocrx_word' id='word_1_162' title='bbox 738 2757 902 2848; x_wconf 87' lang='grc' dir='ltr'><strong><em>Κύπρις</em></strong></span> <span class='ocrx_word' id='word_1_163' title='bbox 926 2784 962 2826; x_wconf 91' lang='grc' dir='ltr'><strong><em>τε</em></strong></span> <span class='ocrx_word' id='word_1_164' title='bbox 989 2758 1045 2825; x_wconf 81' lang='grc' dir='ltr'><strong><em>καὶ</em></strong></span> 
     </span>
     <span class='ocr_line' id='line_1_26' title="bbox 419 2859 780 2951; baseline -0.025 2"><span class='ocrx_word' id='word_1_165' title='bbox 419 2916 424 2925; x_wconf 90' lang='lat'><strong>·</strong></span> <span class='ocrx_word' id='word_1_166' title='bbox 655 2859 697 2931; x_wconf 78' lang='lat' dir='ltr'><strong><em>”A</em></strong></span> <span class='ocrx_word' id='word_1_167' title='bbox 705 2888 780 2951; x_wconf 74' lang='grc' dir='ltr'><strong><em>οης</em></strong></span> 
     </span>
     <span class='ocr_line' id='line_1_27' title="bbox 35 2959 906 3056; baseline -0.005 -19"><span class='ocrx_word' id='word_1_168' title='bbox 35 2982 90 3037; x_wconf 85' lang='grc'><strong><em>380</em></strong></span> <span class='ocrx_word' id='word_1_169' title='bbox 107 2965 236 3055; x_wconf 79' lang='grc' dir='ltr'><strong><em>κέντρῳ</em></strong></span> <span class='ocrx_word' id='word_1_170' title='bbox 249 2959 374 3052; x_wconf 81' lang='grc' dir='ltr'><strong><em>ὕπερθ’</em></strong></span> <span class='ocrx_word' id='word_1_171' title='bbox 392 2960 513 3056; x_wconf 77' lang='grc' dir='ltr'><strong><em>ῶρηςῆ</em></strong></span> <span class='ocrx_word' id='word_1_172' title='bbox 530 2967 586 3035; x_wconf 82' lang='grc' dir='ltr'><strong><em>καὶ</em></strong></span> <span class='ocrx_word' id='word_1_173' title='bbox 601 2964 739 3036; x_wconf 86' lang='grc' dir='ltr'><strong><em>δύνοντι</em></strong></span> <span class='ocrx_word' id='word_1_174' title='bbox 751 2968 906 3053; x_wconf 88' lang='grc' dir='ltr'><strong><em>βεβῶτες.</em></strong></span> 
     </span>
     <span class='ocr_line' id='line_1_28' title="bbox 142 3061 1044 3158; baseline -0.002 -21"><span class='ocrx_word' id='word_1_175' title='bbox 142 3070 176 3148; x_wconf 87' lang='grc' dir='ltr'><strong><em>ἐς</em></strong></span> <span class='ocrx_word' id='word_1_176' title='bbox 195 3072 273 3154; x_wconf 88' lang='grc' dir='ltr'><strong><em>λίβα</em></strong></span> <span class='ocrx_word' id='word_1_177' title='bbox 287 3066 486 3156; x_wconf 76' lang='grc' dir='ltr'><strong><em>δερκόμενος</em></strong></span> <span class='ocrx_word' id='word_1_178' title='bbox 497 3068 699 3158; x_wconf 89' lang='grc' dir='ltr'><strong><em>Πνρόεις,</em></strong></span> <span class='ocrx_word' id='word_1_179' title='bbox 721 3074 888 3139; x_wconf 87' lang='grc' dir='ltr'><strong><em>Φαίνων</em></strong></span> <span class='ocrx_word' id='word_1_180' title='bbox 908 3063 941 3137; x_wconf 89' lang='grc' dir='ltr'><strong><em>δ’</em></strong></span> <span class='ocrx_word' id='word_1_181' title='bbox 961 3061 1044 3136; x_wconf 84' lang='grc' dir='ltr'><strong><em>ύπό·</em></strong></span> 
     </span>
     <span class='ocr_line' id='line_1_29' title="bbox 662 3197 769 3257; baseline 0 -17"><span class='ocrx_word' id='word_1_182' title='bbox 662 3197 769 3257; x_wconf 88' lang='grc' dir='ltr'><strong><em>γειος,</em></strong></span> 
     </span>
    </p>
   </div>
   <div class='ocr_carea' id='block_1_3' title="bbox 41 3267 1020 3675">
    <p class='ocr_par' dir='ltr' id='par_1_3' title="bbox 104 3267 1005 3569">
     <span class='ocr_line' id='line_1_30' title="bbox 104 3267 1005 3363; baseline -0.003 -22"><span class='ocrx_word' id='word_1_183' title='bbox 104 3268 150 3360; x_wconf 75' lang='grc' dir='ltr'><strong><em>ἦν</em></strong></span> <span class='ocrx_word' id='word_1_184' title='bbox 166 3298 229 3360; x_wconf 89' lang='grc' dir='ltr'><strong><em>περ</em></strong></span> <span class='ocrx_word' id='word_1_185' title='bbox 242 3271 288 3363; x_wconf 79' lang='grc' dir='ltr'><strong><em>μὴ</em></strong></span> <span class='ocrx_word' id='word_1_186' title='bbox 301 3276 548 3353; x_wconf 81' lang='grc' dir='ltr'><strong><em>Φαέθοντος</em></strong></span> <span class='ocrx_word' id='word_1_187' title='bbox 561 3267 622 3342; x_wconf 77' lang='grc' dir='ltr'><strong><em>ὑπ’</em></strong></span> <span class='ocrx_word' id='word_1_188' title='bbox 639 3270 833 3344; x_wconf 84' lang='grc' dir='ltr'><strong><em>ἀκτίνεσσιν</em></strong></span> <span class='ocrx_word' id='word_1_189' title='bbox 845 3268 1005 3359; x_wconf 90' lang='grc' dir='ltr'><strong><em>ὁρῶνται,</em></strong></span> 
     </span>
     <span class='ocr_line' id='line_1_31' title="bbox 107 3362 994 3467; baseline 0.001 -24"><span class='ocrx_word' id='word_1_190' title='bbox 107 3373 251 3461; x_wconf 79' lang='grc' dir='ltr'><strong><em>δηναιὸν</em></strong></span> <span class='ocrx_word' id='word_1_191' title='bbox 264 3374 443 3465; x_wconf 81' lang='grc' dir='ltr'><strong><em>μόχθοισιν</em></strong></span> <span class='ocrx_word' id='word_1_192' title='bbox 456 3371 518 3445; x_wconf 84' lang='grc' dir='ltr'><strong><em>ὁπ’</em></strong></span> <span class='ocrx_word' id='word_1_193' title='bbox 534 3371 702 3464; x_wconf 77' lang='grc' dir='ltr'><strong><em>ἀλγεινοῖς</em></strong></span> <span class='ocrx_word' id='word_1_194' title='bbox 714 3379 894 3467; x_wconf 80' lang='grc' dir='ltr'><strong><em>μογέοντας</em></strong></span> <span class='ocrx_word' id='word_1_195' title='bbox 976 3362 994 3399; x_wconf 60' lang='lat'><strong>⁴</strong></span> 
     </span>
     <span class='ocr_line' id='line_1_32' title="bbox 104 3476 923 3569; baseline -0.006 -22"><span class='ocrx_word' id='word_1_196' title='bbox 104 3476 277 3566; x_wconf 72' lang='grc' dir='ltr'><strong><em>τεύχουσ’,</em></strong></span> <span class='ocrx_word' id='word_1_197' title='bbox 292 3476 496 3569; x_wconf 82' lang='grc' dir='ltr'><strong><em>ἀχθοφόρων</em></strong></span> <span class='ocrx_word' id='word_1_198' title='bbox 509 3477 602 3563; x_wconf 82' lang='grc' dir='ltr'><strong><em>ζῶσιν</em></strong></span> <span class='ocrx_word' id='word_1_199' title='bbox 613 3486 729 3569; x_wconf 92' lang='grc' dir='ltr'><strong><em>βίοτον</em></strong></span> <span class='ocrx_word' id='word_1_200' title='bbox 741 3480 923 3555; x_wconf 87' lang='grc' dir='ltr'><strong><em>τελέοντας.</em></strong></span> 
     </span>
    </p>

    <p class='ocr_par' dir='ltr' id='par_1_4' title="bbox 41 3577 1020 3675">
     <span class='ocr_line' id='line_1_33' title="bbox 41 3577 1020 3675; baseline -0.012 -19"><span class='ocrx_word' id='word_1_201' title='bbox 41 3598 94 3656; x_wconf 80' lang='grc'><strong><em>385</em></strong></span> <span class='ocrx_word' id='word_1_202' title='bbox 147 3583 186 3652; x_wconf 86' lang='grc' dir='ltr'><strong><em>ἐν</em></strong></span> <span class='ocrx_word' id='word_1_203' title='bbox 200 3582 241 3652; x_wconf 82' lang='grc' dir='ltr'><strong><em>δέ</em></strong></span> <span class='ocrx_word' id='word_1_204' title='bbox 251 3579 282 3650; x_wconf 88' lang='grc' dir='ltr'><strong><em>τ’</em></strong></span> <span class='ocrx_word' id='word_1_205' title='bbox 301 3588 509 3675; x_wconf 81' lang='grc' dir='ltr'><strong><em>ίσημεριναλς</em></strong></span> <span class='ocrx_word' id='word_1_206' title='bbox 521 3591 782 3675; x_wconf 74' lang='grc' dir='ltr'><strong><em>χηλαῖςΣτίλβ</em></strong></span> <span class='ocrx_word' id='word_1_207' title='bbox 791 3609 846 3652; x_wconf 90' lang='grc' dir='ltr'><strong><em>ων</em></strong></span> <span class='ocrx_word' id='word_1_208' title='bbox 861 3577 912 3648; x_wconf 71' lang='grc' dir='ltr'><strong><em>ίδὲ</em></strong></span> <span class='ocrx_word' id='word_1_209' title='bbox 926 3582 1020 3672; x_wconf 77' lang='grc' dir='ltr'><strong><em>Κριῳ</em></strong></span> 
     </span>
    </p>
   </div>
   <div class='ocr_carea' id='block_1_4' title="bbox 83 3698 848 3759">
    <p class='ocr_par' dir='ltr' id='par_1_5' title="bbox 83 3698 848 3759">
     <span class='ocr_line' id='line_1_34' title="bbox 83 3698 848 3759; baseline -0.004 -10"><span class='ocrx_word' id='word_1_210' title='bbox 83 3712 224 3749; x_wconf 70' lang='lat' dir='ltr'><strong>ummo.</strong></span> <span class='ocrx_word' id='word_1_211' title='bbox 827 3698 848 3759; x_wconf 87' lang='grc'>4</span> 
     </span>
    </p>
   </div>
   <div class='ocr_carea' id='block_1_5' title="bbox 0 0 1240 3942">
    <p class='ocr_par' dir='ltr' id='par_1_6' title="bbox 0 0 1240 3942">
     <span class='ocr_line' id='line_1_35' title="bbox 0 0 1240 3942; baseline 0 0"><span class='ocrx_word' id='word_1_212' title='bbox 0 0 1240 3942; x_wconf 95' lang='lat' dir='ltr'><strong><em> </em></strong></span> 
     </span>
    </p>
   </div>
  </div>
 </body>
</html>
