2467 3942
457 217 678 268 PRAEFATIO.
936 288 944 306 ὁ
1027 219 1080 269 VH

152 374 219 430 Cum
232 372 288 442 his,
304 389 468 444 quaequam
486 390 557 445 vaga
574 376 632 431 sint
649 389 729 432 nemo
741 392 796 431 non
809 375 894 440 videt,
911 391 1080 447 componere

58 459 120 528 jam
137 460 230 531 placet
242 458 441 530 disputationis
457 476 535 515 meae
549 460 577 514 in
590 461 697 530 majore
710 460 833 516 editione
850 461 990 516 institutae
1007 477 1080 516 sum-

63 561 139 599 mam
151 559 231 615 quam
249 540 415 598 breuissime
430 545 668 615 comprehensam,
684 552 713 599 ut
727 546 809 599 etiam
824 545 871 614 iis,
887 545 933 616 qui
948 546 1008 600 sola
1026 546 1079 600 bac

24 695 26 699 ἱ
63 629 145 684 usuri
173 634 238 686 suut
262 627 400 698 editione,
428 629 581 686 detrorum
605 630 739 685 librorum
760 630 953 685 llanetboaem
980 637 1079 701 aperto

63 713 258 770 mendacioin
274 713 365 768 lronte
380 714 537 783 gerentium
554 714 662 769 ratione
680 721 762 784 atque
779 722 903 785 tempore
922 721 1040 770 constet.

153 799 182 854 ln
196 798 243 853 tris
260 798 347 868 igitur
361 797 443 853 libris
458 798 592 854 babemus
608 800 699 870 primo
715 812 826 853 carmen·
841 814 922 853 unum
944 805 972 853 et
989 799 1079 853 conti-

65 901 153 940 nuum
167 888 196 938 et
212 878 283 956 (uisi
298 881 373 936 torte
386 882 524 954 prooemii
541 883 676 954 quaedam
692 883 852 955 perierunt,
872 884 946 954 quod
961 884 1079 938 maxime

66 986 105 1025 ex
119 969 162 1038 ll,
180 973 231 1027 349
248 952 287 1033 ὡς
304 958 355 1020 καὶ
374 956 508 1034 πρόσθεν
528 952 666 1040 ἆείσαμεν
684 963 815 1040 apparet)
837 968 964 1039 exceptis
981 968 1078 1039 paucis

66 1051 233 1125 quibusdam
254 1051 405 1123 parvisque
422 1052 529 1107 lacunis
544 1069 662 1125 prorsus
681 1052 835 1122 integrum,
857 1059 988 1108 constans
1009 1051 1079 1107 illud

65 1138 145 1193 libana
158 1137 252 1200 imbus,
273 1135 320 1207 qui
329 1137 422 1207 ,uulgo
437 1137 471 1191 ll.
488 1137 525 1191 lll
540 1143 569 1191 et
585 1138 623 1191 vl
640 1142 831 1200 numerantem
850 1136 929 1205 cujus
947 1135 1078 1192 carminis

65 1229 211 1279 auctorem
223 1237 313 1291 neque
325 1226 389 1276 ante
400 1221 660 1291 Antoninos'neqne
672 1226 737 1293 post
743 1220 931 1277 Alexandrum
944 1222 1079 1276 Severum

26 1339 32 1350 .
65 1307 176 1362 vixisse
193 1322 246 1378 pro
261 1311 339 1360 certo
356 1306 504 1374 alllrmari,
529 1322 590 1360 eum
612 1306 675 1376 ipso
690 1306 853 1360 Alexandro
868 1304 969 1361 Severo
990 1304 1078 1377 impe-

67 1397 148 1447 rante
160 1386 200 1464 (a.
212 1386 372 1462 ant-235)
385 1405 495 1446 carmen
508 1405 586 1446 sunm
595 1390 720 1446 edidisse
732 1390 802 1445 satis
811 1389 999 1461 probabiliter
1010 1406 1078 1445 con-

68 1475 145 1533 cludi
165 1479 265 1546 potest.
307 1474 445 1530 Habemus
467 1474 569 1529 deinde
591 1475 727 1530 inclusum
745 1473 816 1550 libre
839 1479 939 1545 quarto
961 1475 1077 1530 alterum

66 1573 180 1615 carmen
196 1576 210 1614 a
227 1559 386 1615 recentiore
401 1565 483 1631 potita
496 1559 603 1614 Iuliani
614 1559 787 1630 temporibus
800 1559 980 1631 compositum
993 1558 1078 1630 idque

68 1650 116 1701 aut
127 1644 162 1700 ad
173 1644 277 1716 prioris
289 1645 428 1713 carminis,
442 1645 515 1714 quod
529 1644 705 1716 probabilius
718 1643 883 1714 putaverim,
899 1649 945 1698 aut
959 1643 994 1699 ad
1006 1645 1077 1698 auti-

69 1728 178 1801 quioris
193 1729 345 1798 cujusdam,
362 1729 434 1784 unde
450 1728 519 1783 illud
532 1744 642 1800 quoque
660 1727 749 1796 lluxit,
765 1727 945 1792 imitationem
960 1744 1079 1799 expres-

69 1830 146 1883 sum,
174 1814 225 1869 sed
246 1813 315 1870 illud
336 1819 364 1868 et
380 1812 472 1867 multis
492 1813 617 1883 partibus
634 1812 786 1867 mutilatum
803 1813 875 1867 etin
893 1827 985 1867 rerum
1002 1813 1078 1867 serie

69 1898 251 1968 locorumque
265 1897 526 1974 ordineturbatum.
566 1889 744 1969 Quapropter
764 1896 889 1966 singulas
906 1896 967 1966 ejus
982 1903 1077 1968 partes

68 1980 227 2037 intervallis
242 1987 271 2035 et
285 1978 386 2051 lit'eris,
403 1981 514 2052 singula
530 1982 670 2037 schemata
687 1981 809 2036 numeris
825 1980 948 2036 distinxi.
1032 2021 1040 2039 .

154 2065 292 2121 Habemus
307 2067 428 2137 denique
445 2067 514 2122 duas
531 2066 732 2134 collectiones,
752 2081 865 2136 quarum
880 2066 967 2121 altera
988 2082 1084 2135 eaque*

72 2151 172 2207 melior
183 2152 300 2221 primus,
316 2151 404 2206 altera
420 2153 530 2221 quintus
542 2150 609 2205 liber
621 2150 794 2219 inscribitur,
809 2150 944 2205 eduobns
960 2140 1078 2205 bomini-

69 2237 122 2292 bus
135 2241 169 2290 'et
182 2235 341 2306 ignorantia
356 2241 505 2290 antrorum
519 2235 713 2305 sermonisque
730 2233 830 2289 Graeci
846 2239 874 2289 et
891 2234 997 2303 ingenii
1019 2241 1078 2289 stu-

70 2336 139 2392 pore
155 2319 303 2376 simillimis
321 2320 428 2388 lactas,
450 2320 549 2390 quibus
572 2319 827 2376 diversissimorum
842 2324 986 2390 petitarum
1001 2319 1079 2388 frug-

70 2411 160 2460 menta
178 2410 208 2459 et
221 2404 471 2461 insulsissimnmm
486 2404 718 2474 versificatorem,
736 2420 806 2474 quos
822 2404 937 2459 eosdem
953 2403 1014 2458 cum
1029 2419 1079 2458 ex-

71 2487 248 2561 cerptoribus
266 2505 331 2545 esse
346 2495 449 2561 putem,
467 2490 559 2545 loetns
576 2488 762 2558 continentur,
782 2488 858 2543 nullo
875 2487 929 2543 uisi
945 2494 1079 2543 externae

71 2573 212 2642 cujusdam
232 2590 323 2628 reram
340 2574 533 2645 nominumque
551 2573 741 2629 similitudinis
759 2572 872 2628 vinculo
889 2573 1080 2629 cohaerentia.

73 2658 168 2729 ltaque
189 2659 236 2714 bic
252 2675 362 2729 queque
378 2659 488 2729 singula
504 2658 625 2714 membra
644 2664 672 2712 et
692 2657 949 2730 intercapedinibus
964 2656 1079 2713 distineri

74 2749 101 2797 et
122 2743 245 2798 numeris
270 2743 401 2811 distinxi,
423 2749 572 2815 praeterea
595 2743 729 2814 praefixis
752 2742 881 2799 crucibus
906 2742 1079 2813 ineptissima

74 2844 200 2899 quaeque
215 2828 328 2898 notavi,
344 2828 372 2881 in
388 2828 478 2899 primo
493 2827 567 2883 libro
585 2829 710 2898 insuper,
728 2843 799 2898 quae
817 2827 941 2897 ejusdem
957 2826 1081 2882 auctoris

75 2911 236 2967 viderentur
258 2929 322 2967 esse
345 2912 516 2982 fragmenta,
539 2911 642 2984 positis
664 2910 755 2966 literis
778 2911 952 2986 significavi,
971 2928 1042 2982 quae
1065 2927 1081 2964 e

77 3001 174 3064 quarto
189 2996 261 3051 libro
278 3003 411 3069 excerpta
426 3002 500 3065 sunt,
517 2997 622 3052 diserte
637 2994 693 3050 imo
707 2995 736 3049 iu
753 2995 877 3065 margine
892 2995 1024 3051 indicavi.

160 3078 227 3134 Tum
240 3081 367 3136 omnibus
383 3081 411 3135 in
428 3081 510 3136 libris
534 3088 562 3136 et
577 3096 648 3152 quae
663 3079 782 3149 singulis
800 3079 871 3135 locis
885 3078 1081 3151 interpolando

76 3163 152 3219 illata
167 3170 232 3218 aunt
245 3165 387 3221 consuetis
398 3165 507 3221 uncinis
523 3164 716 3237 circumsepsi,
729 3170 758 3218 et
773 3180 843 3234 quae
858 3181 874 3220 a
887 3180 929 3219 me
941 3162 1082 3236 probabili

75 3248 235 3317 conjectura
265 3250 392 3321 suppleta
415 3249 581 3308 videbantur
605 3248 758 3304 minoribus
781 3248 872 3304 literis
901 3246 1083 3319 exprimenda

63 3332 184 3396 ·curavi;
203 3339 350 3405 *postremo
366 3334 493 3390 diductas
511 3334 626 3404 literas,
649 3333 749 3404 quibas
763 3332 914 3402 legentium
930 3330 1081 3395 commodi·

76 3419 138 3473 tatis
152 3418 245 3488 gratia
261 3418 318 3487 jam
340 3417 480 3490 inpriore
502 3418 626 3473 editione
646 3417 789 3472 stellarum
806 3416 916 3472 nomina
931 3422 1014 3486 atque
1030 3432 1082 3486 po-

75 3501 174 3557 situras
190 3501 360 3558 luculentius
379 3501 602 3571 designaveram,
618 3500 780 3556 retinendas
795 3500 901 3573 putavi.

154 3585 250 3643 llestat
266 3585 339 3655 iam,
361 3591 392 3641 ut
407 3586 521 3643 brevem
543 3602 638 3643 eorum
654 3585 779 3642 locorum
802 3584 922 3641 iudicem
943 3582 1082 3652 adjiciam,
