2467 3942
200 166 242 231 ω
546 166 792 226 Λντονενον
847 233 849 236 ,
1098 193 1128 245 p.
1139 172 1210 228 158.

155 365 193 420 82
267 333 366 406 Οὕτω
380 325 546 421 τοίνυν,ῶ
560 330 691 423 ἀνδρες,
705 329 841 422 σφόδρα
852 336 1026 422 ἐνέμειναν
1039 337 1077 403 ἐν
1092 334 1215 427 τούτῳ

201 436 332 525 πάντες,
341 433 426 508 ῶστε
439 434 564 523 καλιὴν
578 434 669 525 παρὰ
682 441 751 504 τῶν
765 442 860 504 θεῶν
874 432 1012 508 εὔνοιαν
1021 431 1101 523 μεθ’
1121 437 1209 517 ἑαυ-

200 544 269 610 τῶν
283 547 380 627 ἔσχον
398 536 544 626 βοηθόν,
564 539 622 606 καὶ
641 537 777 607 πάντων
797 544 867 606 τῶν
876 534 1044 624 Ἑλλήνων
1059 533 1214 625 ἀνδρῶν

201 639 342 731 ἀγαθῶν
361 641 552 728 γενομένων
572 637 658 727 πρὸς
677 637 736 707 τὸν
755 642 919 708 κίνδυνον
940 634 1082 726 μάλιστα
1098 635 1123 726 ἡ
1139 637 1213 707 πό-

200 753 251 824 λις
266 738 364 831 ὑμῶν
379 738 609 828 εὐδοκίμησεν.
660 767 679 808 ο
665 734 750 808 καὶ
769 740 904 809 πάντων
918 735 960 808 ἀν
977 750 1027 828 εἴη
1043 739 1212 809 δεινότα-

201 872 276 931 τον,
303 842 383 925 τούς
407 843 470 930 μὲν
495 841 682 930 προγόνους
701 837 799 929 ὑμῶν
819 838 1049 936 ἀποθνήσκειν
1069 848 1210 932 τολμᾷν

201 943 285 1015 ῶστε
312 942 357 1033 μη
384 941 446 1031 τὴν
471 941 571 1013 πόλιν
596 935 805 1030 ἀδοξεῖν,’
785 949 872 1030 υμᾶς
899 943 936 1013 δὲ
963 941 1007 1031 μὴ
1043 943 1209 1026 κολάζειν

199 1045 279 1127 τούς
305 1040 590 1133 καταισχύναντας
608 1040 732 1132 αὐτήν,
754 1039 838 1113 ἀλλά
858 1051 1019 1136 περιορᾶν
1041 1042 1107 1131 την
1129 1072 1209 1112 κοι-

199 1146 265 1236 νὴν
285 1150 342 1220 καὶ
361 1144 443 1236 μετὰ
463 1153 596 1215 πολλῶν
615 1145 731 1215 πόνων
751 1148 1012 1234 συνειλεγμένην
1027 1140 1206 1232 εὔκλειαν,

200 1249 326 1337 ταύτην
347 1247 404 1319 διά
423 1246 486 1335 τὴν
504 1255 573 1316 τῶν
586 1247 750 1316 τοιούτων
763 1243 899 1336 ἀνδρῶν
913 1253 1080 1337 πονηρίαν
1094 1274 1207 1315 κατα-

107 1433 110 1437 *
200 1353 379 1439 λυομένην

114 1527 155 1570 m
157 1443 199 1555 {3
264 1458 400 1538 Καίτοι,
429 1477 455 1518 ω
443 1440 613 1539 ἀνδρες,
634 1448 748 1537 μόνοις
769 1444 851 1537 ύμῖν
870 1455 939 1518 τῶν
947 1443 1121 1537 Ἑλληνων
1140 1447 1204 1520 οὐκ

201 1560 292 1623 ἔστιν
307 1549 410 1622 οὐδέν
421 1578 551 1622 τουτων
564 1557 740 1640 περιιδεῖν.
775 1550 938 1639 βούλομαι
959 1551 997 1620 δδ
1010 1550 1117 1642 μικρά
1135 1559 1204 1622 τῶν

200 1650 385 1723 παλαιῶν
365 1669 447 1742 υμῖν
462 1660 656 1740 διελθεῖν,ο
638 1647 688 1732 οἷς
702 1655 947 1742 παραδείγμασι
960 1652 1131 1742 χρῶμενοι
1147 1657 1202 1723 καὶ

199 1758 278 1842 περὶ
291 1756 420 1825 τούτων
432 1755 577 1844 καὶπερὶ
590 1760 659 1822 τῶν
672 1750 785 1823 ἀλλων
800 1759 932 1842 βέλτιον
953 1756 1200 1842 βουλεύσεσθε.

199 1864 297 1926 τοῦτο
310 1855 374 1946 γὰρ
390 1864 456 1945 ἔχει
468 1858 625 1945 μέγιστον
640 1850 661 1944 ἡ
674 1851 770 1935 πόλις
782 1852 877 1944 ἡμῶν
891 1852 1039 1944 ἀγαθόν,
1062 1853 1118 1928 ὅτι
1134 1865 1201 1927 τῶν

199 1965 313 2028 καλῶν
327 1965 436 2047 ἔργων
457 1957 668 2048 παράδειγμα
689 1973 758 2037 τοῖς
772 1954 904 2047 Ἐλλησι
927 1960 1085 2046 γέγονεν·
1118 1955 1200 2029 ὅσον

198 2058 262 2149 γάρ
283 2067 329 2151 τῷ
348 2060 459 2151 χρόνῳ
481 2066 598 2129 πασῶν
617 2062 709 2129 ε’στιν
729 2054 943 2148 ἀρχαιοτάτη,
972 2067 1141 2130 τοσοῦτον
1171 2065 1202 2129 ολ

198 2161 359 2251 πρόγονοι
379 2158 475 2249 ἡμῶν
488 2167 556 2231 τῶν
578 2155 690 2231 ἀλλων
710 2157 905 2251 ἀνθρώπων
919 2158 1021 2251 ἀρετῇ
1035 2161 1200 2251 διενηνό-

154 2284 306 2351 84χασιν.
354 2259 426 2331 Ἐπὶ
451 2262 588 2353 Κόδρον
616 2261 681 2352 γάρ
713 2262 950 2351 βασιλεύοντος
975 2267 1199 2353 Πελοποννη-

198 2371 284 2444 σίοις
301 2367 483 2453 γενομένης
501 2360 644 2453 ἀφορίας
663 2363 747 2433 κατά
765 2363 828 2453 τὴν
847 2365 960 2455 χῶραν
974 2362 1089 2435 αὐτῶν
1104 2370 1199 2450 ἔδοξε

198 2466 394 2551 στρατεύειν
408 2469 463 2535 ἐπὶ
476 2464 538 2554 τὴν
551 2467 650 2537 πόλιν
664 2461 759 2554 ἡμῶν
780 2468 836 2536 καί
856 2463 952 2555 ἡμῶν
971 2465 1050 2547 τούς
1066 2467 1199 2559 προγό-

198 2595 281 2647 νους
299 2567 580 2656 ἐξαναστήσαντας
593 2569 863 2655 ’κατανείμασθαι
882 2566 943 2656 τὴν
961 2567 1086 2656 χῶραν.
1144 2571 1198 2638 καί

199 2668 408 2757 πρῶτονμὲν
424 2676 471 2748 είς
483 2666 642 2756 Δελφούς
659 2665 914 2750 ἀποστείλαντες
932 2665 993 2739 τδν
1008 2667 1096 2738 θεὸν
1114 2674 1198 2758 ἐπη-

198 2770 316 2861 ρῶτων
343 2776 376 2839 εί
397 2770 643 2859 [ἐπηλήψονται
668 2769 725 2851 τάς
747 2767 907 2858 Ἀθήνας·
951 2768 1135 2852 ἀνελόντος
1162 2773 1197 2842 δὲ

198 2879 259 2941 τοῦ
279 2878 367 2940 θεοῦ
387 2867 501 2954 αὐτοῖς
520 2869 572 2944 ότι
599 2870 662 2959 τὴν
688 2870 787 2941 πόλιν
814 2871 1031 2962 αίρήσουσιν,
1060 2871 1123 2943 ἐὰν
1153 2873 1196 2961 μὴ

198 2972 258 3043 τὸν
293 2977 431 3060 βασιλέα
464 2981 533 3044 τῶν
555 2971 746 3061 Ἀθηναίων
772 2974 907 3062 Κόδρον
934 2970 1193 3060 ἀποκτείνωσιν,

153 3096 191 3149 85
199 3074 399 3163 ἐστράτευον
413 3077 467 3145 έπλ
487 3074 545 3156 τὰς
562 3074 716 3163 Ἀθήνας.
749 3075 955 3163 Κλεόμαντις
968 3075 1008 3144 δὲ
1020 3083 1092 3145 τῶν
1105 3085 1193 3145 Δελ-

199 3183 275 3264 φῶν
307 3204 357 3257 τις
388 3176 581 3265 πυθόμενος
611 3175 656 3247 τό
683 3176 884 3266 χρηστήριον
916 3173 963 3246 δι’
993 3173 1193 3268 ἀπορρήτων

197 3278 371 3367 ἐξήγγελλε
397 3294 465 3358 τοῖς
483 3276 689 3368 Ἀθηναίοις·
720 3275 831 3375 οὕτως·
848 3282 884 3348 οί
899 3277 1060 3367 πρόγονοι
1086 3274 1190 3368 ἡμῶν,

197 3375 242 3459 ῶς
256 3387 360 3466 ἔοικε,
391 3380 448 3447 καλ
468 3379 547 3460 τούς
567 3384 696 3462 ἔξωθεν
714 3376 919 3472 ἀνδρῶπους
947 3376 1070 3461 εὔνους
1098 3388 1193 3468 έχον-

196 3506 249 3559 τες
276 3482 457 3549 διετέλουν.
510 3481 724 3571 ἐμβαλόντων
744 3482 781 3551 δὲ
800 3489 868 3552 τῶν
881 3489 1193 3618 Πελοπποννηρῖίρίιν

1137 3589 1151 3618 0
1186 3601 1191 3614 ι
