2467 3942
448 167 635 266 ειολιοα
656 206 691 264 Δ.
1032 213 1072 273 65

53 395 95 453 70
112 377 328 466 γεινομίνων
346 378 503 466 βρεφέων
517 372 765 466 όροσκόπον
783 371 804 467 ή
818 378 902 450 κατὰ
916 386 1071 470 μέσσον

117 478 323 571 ούρανόν,
344 485 381 549 ἔκ
399 507 436 550 τε
449 471 682 569 λόγωντεύχει
701 480 876 573 προκοπήν
893 513 970 554 τινα
981 498 1069 577 θνη-

678 600 762 671 τοῖς,

114 687 177 755 καί
190 692 476 774 καλαμοηραφλης,
490 687 547 755 καὶ
561 682 611 755 όσ’
629 693 676 768 εἰς
688 692 818 776 μούσαυ
832 689 1032 780 αετόνηται·

113 785 226 882 τούτῳ
241 786 272 858 δ’
288 785 564 878 ὁππότ”Ἁρηος
577 797 615 878 ἔη
630 791 852 881 ἰσόμοιρος
864 789 1028 883 ἀταρπός,

114 887 139 982 ή
155 898 224 961 δια
233 891 419 982 μετρήσῃ
434 893 558 991 φάεσιν
571 890 657 981 φάος
669 890 929 984 ἀντικέλευθον,
944 957 947 964 .

51 1012 92 1068 75
110 995 410 1085 πλαστομράφους,
425 1000 548 1086 χειροῖν
561 997 743 1086 μιμήτορας
760 995 1007 1071 ἀλλοτυαοότων
1052 1050 1056 1057 -

114 1100 333 1187 καμβλαβίας
347 1098 456 1187 τεύχει
470 1127 506 1169 τε
520 1100 577 1168 καλ
591 1097 779 1189 άχρήεντας
790 1104 936 1175 ἰδέσθαι.
1048 1105 1051 1109 ’

154 1198 349 1291 ἀμφίκερως
361 1202 432 1291 Μή
439 1199 542 1291 νη·δ’
559 1198 656 1271 ὁπότ’
677 1199 721 1273 ἀν
732 1207 948 1293 βιοιέρμονος
961 1204 1066 1297 όόρης

114 1306 205 1393 φωτὶ
221 1313 397 1400 Σεληναίη)
411 1308 534 1396 κρατίη
551 1303 724 1376 σκολιωιιά
736 1314 887 1397 περῶσα,
1107 1306 1109 1309 ’

114 1413 160 1498 τή
173 1404 342 1498 δ”Ἇρης
355 1411 555 1500 ἰσόμοιρα
568 1408 614 1479 δι’
637 1413 774 1499 αἰθέρος
786 1409 1013 1502 ἀκροαολεύη,

57 1529 100 1583 80
115 1518 237 1600 τηνίκα
251 1541 304 1582 τοι
316 1509 503 1603 δεόληπτος
515 1509 534 1585 ὁ
547 1510 615 1603 φύς
627 1516 666 1583 ἐν
678 1514 819 1604 σχήματι
830 1522 911 1609 τοίῳ

112 1622 255 1703 γίνεται,
270 1616 452 1705 ἕκαληκτός
465 1645 511 1703 τε,
525 1618 717 1704 σεληνάζιον
728 1645 764 1687 τε
776 1617 884 1704 νόοιο,

54 1735 95 1790 82
110 1719 175 1802 καὶ,
189 1725 310 1809 μανίης
324 1716 522 1808 ἀνάμεστος·
545 1722 551 1811 Ι
575 1719 662 1810 ἐπήν
679 1718 784 1790 κατά
800 1725 872 1809 μής
890 1719 929 1789 δὲ
977 1723 1010 1788 έ-

298 1910 302 1915 ,
676 1849 789 1912 (mm,
930 1857 934 1865 '
1028 1838 1064 1905 33

58 1939 100 1996 83
115 1920 316 2013 δυστυχίητ’
329 1927 500 2013 ἐαίφοιτος
523 1925 528 2013 Ι
552 1922 598 1995 ίδῗ
615 1923 1012 2012 ἐνσινέεσσικειιληδύς·
1026 1940 1061 1995 82

111 2023 158 2116 ήν
171 2027 208 2096 δὲ
222 2025 294 2115 μετ’
310 2024 469 2118 ἀνιολίηυ
482 2031 614 2118 μέσον
628 2026 810 2118 ούρανδυ
822 2023 1034 2117 ἀμφιδοάζη,

59 2147 97 2201 85
113 2129 353 2218 καμπλοότους
365 2159 402 2201 τε
414 2139 529 2220 τίθησι
542 2134 599 2201 καὶ
614 2134 798 2222 ἐντρνφὲας
810 2133 866 2200 καί
880 2129 1042 2217 ἐκόλβους
1049 2181 1059 2216 ,

99 2232 306 2322 ’θηλυνόους
314 2235 352 2305 δὲ
363 2234 515 2323 τρόποισι
522 2237 577 2306 καὶ
586 2233 786 2325 εύτρίνιτους
796 2230 1058 2323 καλάτιρήκτους·

114 2336 320 2419 δύνοντος
334 2335 368 2407 δ’
385 2336 518 2428 ἀστροιο
532 2346 720 2429 Σεληναίης
734 2335 752 2411 ό
767 2340 941 2426 λοχευδεὶς

111 2446 244 2510 ἔσσεται
257 2444 416 2531 ίμαορίης
429 2445 640 2531 ἐμπείραμος,
656 2449 738 2531 ἔργα
752 2470 788 2513 τε
805 2438 957 2529 πλαγκτὰ

110 2543 307 2634 ναυκλήρου
320 2545 438 2634 βιοτήν
450 2543 486 2616 δ’
502 2548 691 2637 αἰρήσεται,
707 2550 744 2616 ἐν
754 2550 845 2635 ξενίη
857 2571 894 2613 τε
938 2604 940 2609 ,

55 2664 94 2720 90
107 2645 147 2717 τό
161 2655 317 2717 πλείστου
330 2655 413 2738 ζωῆς
514 2661 531 2703 *
635 2662 652 2704 *
755 2661 772 2703 *

111 2754 130 2796 *
232 2761 250 2800 *
354 2756 372 2795 *
473 2779 510 2821 τε
525 2749 720 2824 διευδύνων
733 2748 899 2841 βιοτεύσει
913 2790 958 2802 -

110 2850 352 2942 πουλυπλανής
363 2852 427 2942 μάρ
441 2857 510 2939 ἕλιξ
522 2856 645 2946 Μήνης
658 2853 885 2943 κερατύαιδος
898 2855 965 2922 αἰεὶ

109 2954 190 3040 λοξά
204 2958 453 3029 ταλαντεύουσα
469 3000 514 3012 -
529 2963 623 3049 μένει
636 2957 670 3030 δ’
685 2955 909 3045 ἀντλούμενος
921 2954 1021 3047 ὄλβῳ.

146 3058 309 3130 Ἠελίου
323 3058 355 3130 δ’
375 3058 561 3150 ἀκάμαντος
574 3062 660 3152 ἐιιήν
673 3057 926 3151 πυριμάρμαρος
939 3055 1042 3145 ἀστήρ

109 3168 159 3244 εἰς
176 3166 306 3253 μέσον
331 3162 534 3255 οὐρανίης
558 3170 716 3254 προφανῇ
743 3164 972 3254 αυριλαμτιὲος
988 3169 1053 3228 αἰ·

667 3279 720 3359 θθ
726 3297 747 3357 η
756 3293 773 3349 9
781 3321 791 3353 ο

57 3385 92 3441 96
105 3364 127 3460 ή
141 3374 264 3460 μονίμη
279 3366 307 3439 ά
315 3398 363 3460 ρη
377 3358 610 3441 πανεπίσκοαα
625 3375 751 3461 φίγγεα
764 3369 889 3458 βύλλη,

115 3473 262 3555 Τοξότεω
275 3473 359 3545 κατά
372 3480 482 3566 χοῖρον
495 3472 544 3545 ἰδ’
562 3473 753 3564 εύστέρνοιο
766 3476 909 3546 Λέοντος

107 3581 217 3663 Κριοῦ
230 3573 259 3645 τ’
277 3573 462 3667 εύκεράοιο,
475 3580 531 3649 καὶ
542 3584 580 3650 ἐν
593 3578 777 3668 Διδύμοισι
791 3575 975 3664 φαανθείςι

87 3706 227 3745 ummo.
836 3689 854 3749 5
