2467 3942
182 197 229 256 VI
564 206 776 257 PRAEFATIO.

181 387 248 425 rum
275 365 473 445 exemplaria.
523 364 651 425 Illarum
677 366 839 445 regionum
871 367 992 428 incolae
1019 366 1152 442 Arabes,

180 459 343 530 postquam
364 450 610 512 animadvertere
624 451 783 512 volumina
802 471 926 531 quoque
947 452 1002 512 illa
1023 472 1042 513 a
1063 474 1154 533 pere·

180 535 277 614 grinis
299 536 333 594 in
354 537 454 616 pretio
476 535 593 609 haberi,
619 536 786 615 diligenter
807 538 995 616 conquirunt
1016 547 1047 598 et
1069 541 1154 600 inter

180 629 297 680 ceteras
324 640 373 681 res
401 639 481 700 quae
508 621 542 679 in
568 621 718 700 sepulcris
746 622 949 682 inveniuntur
974 623 1152 684 venditant.

180 705 308 766 Exstitit
329 706 425 785 igitur
445 706 479 764 in
500 706 642 786 sepulcro
664 706 798 786 quodam
813 706 991 768 Thebarum
1004 708 1154 769 volumen

179 782 390 870 papyraceum
411 789 583 871 Hyperidis
605 800 668 852 tres
691 792 846 852 orationes
869 793 1042 867 continens,
1068 794 1154 873 quod

179 875 335 956 patefacto
357 875 498 954 sepulcro
521 874 560 941 ab
582 873 738 936 Arabibus
761 877 841 936 eirca
868 879 1053 957 principium
1075 881 1154 938 anni

181 960 263 1019 1847
285 960 368 1020 inter
395 962 500 1020 cetera
525 963 688 1021 inventum
715 962 891 1041 elatumque
913 960 1007 1040 egga)
1053 961 1151 1023 Habi-

178 1044 265 1105 tabat
287 1044 351 1104 illic
372 1046 454 1105 inter
475 1046 581 1107 ruinas
603 1054 744 1108 vetustae
765 1046 850 1113 urhis
867 1045 1064 1109 Castellarius
1085 1049 1150 1127 qui·

180 1128 251 1189 dam
288 1129 379 1189 homo
412 1130 524 1206 Italus,
569 1131 624 1211 qui
655 1130 776 1191 Arabes
809 1131 1018 1194 assuefecerat
1056 1152 1151 1212 quae·

178 1233 300 1294 cunque
327 1215 521 1277 invenissent
554 1216 596 1276 ad
622 1235 656 1276 se
685 1216 820 1290 deferre,
855 1216 931 1277 inde
964 1218 1064 1297 pretio
1099 1237 1151 1278 ex-

113 1336 116 1341 »
177 1301 250 1377 iguo
274 1299 317 1359 eis
339 1300 439 1360 soluto
465 1301 737 1380 peregrinantibus
765 1301 874 1363 eadem
901 1323 1014 1381 magno
1041 1302 1151 1362 vendi-

178 1384 274 1445 tabat.
324 1385 435 1465 Itaque
470 1406 539 1445 cum
574 1406 648 1446 vere
681 1387 758 1446 anni
791 1387 872 1446 1847
906 1385 945 1446 A.
976 1385 1011 1448 O.
1039 1386 1151 1449 Harris

177 1469 362 1544 Britannus,
395 1471 450 1550 qui
481 1470 695 1532 Alexandriae
724 1471 912 1531 domicilium
939 1471 1150 1551 constituerat,

177 1553 303 1614 Thebas
323 1556 475 1637 venisset,
506 1577 525 1615 a
548 1553 747 1630 Oastellario,
777 1575 868 1636 quem
895 1576 971 1617 sane
997 1558 1064 1635 ipse
1086 1577 1153 1617 non

177 1638 326 1712 nominat,
349 1641 479 1718 triginta
501 1641 562 1701 duo
585 1641 762 1720 fragmenta
782 1642 899 1701 maiora
920 1643 1079 1702 minorave
1101 1663 1152 1702 ac·

177 1724 274 1803 cepit,
306 1726 499 1786 continentia
525 1725 580 1786 illa
607 1727 755 1806 reliquias
783 1727 931 1787 orationis
960 1721 1066 1787 contra
1087 1726 1152 1788 De·

177 1808 369 1870 mosthenem
391 1811 563 1890 priorisque
582 1812 679 1890 partis
694 1812 761 1872 eius
776 1831 856 1891 quae
871 1831 927 1891 pro
942 1811 1152 1891 Lycophrona
1226 1830 1230 1835 ·

127 1906 131 1911 ’
176 1892 283 1954 habita
307 1903 361 1954 est.
407 1894 470 1955 Sed
491 1895 569 1977 haec
590 1896 767 1975 fragmenta
789 1897 915 1957 alterius
937 1905 1065 1958 tantum
1079 1916 1150 1976 par·

176 1979 216 2039 tis
238 1978 402 2040 voluminis
426 1988 523 2054 erant,
547 1981 659 2042 misere
680 1980 807 2042 habitae
829 1981 983 2061 foedeque
999 1982 1149 2042 dilacera·

177 2072 242 2140 tae;
268 2064 365 2126 altera
386 2085 458 2144 pars
481 2074 512 2126 et
533 2067 657 2146 integra
678 2075 834 2127 manserat
860 2086 962 2146 neque
984 2067 1017 2126 in
1039 2086 1151 2126 manus

178 2146 354 2209 Castellarii
374 2159 514 2227 venerat.
557 2151 712 2232 Iosephus
733 2152 816 2213 enim
837 2150 956 2226 Ardor,
979 2150 1152 2210 Britannus

178 2235 312 2312 etipse,
343 2256 412 2295 cum
441 2234 507 2297 oar.
537 2235 606 2296 Ian.
636 2258 665 2297 a.
690 2238 772 2297 1847
800 2234 926 2297 Thebas
954 2238 1091 2296 venisset
1120 2245 1154 2299 et

176 2319 258 2378 ultra
280 2321 373 2380 etiam
393 2340 600 2399 processurus,
626 2321 699 2381 dein
714 2320 840 2382 Thebas
855 2340 1035 2383 reversurus
1057 2330 1153 2395 esset,

176 2400 297 2463 Arabes
320 2404 596 2466 commonefecerat
620 2407 704 2466 utsi
725 2425 788 2485 qua
809 2407 929 2468 interea
956 2406 1156 2466 invenissent

177 2487 237 2547 sibi
259 2498 469 2556 reservarent;
498 2490 583 2552 unde
604 2491 651 2551 illi
673 2491 797 2551 maioris
820 2493 914 2570 pretii
937 2511 993 2571 sps
1013 2489 1156 2569 amplum

178 2571 256 2632 illud
276 2574 422 2635 volumen
446 2572 662 2637 Oastellarium
691 2576 859 2655 diligenter
879 2576 1072 2649 celaverunt,
1102 2596 1154 2636 re-

178 2657 348 2737 deuntique
362 2657 503 2720 Ardeuio
519 2673 613 2721 noctu
635 2661 713 2722 clam
734 2660 815 2721 Italo
836 2662 983 2722 trecentis
1006 2669 1037 2720 et
1058 2660 1154 2739 quin·

177 2742 327 2821 quaginta
359 2747 490 2805 nummis
522 2745 662 2806 ancicis
696 2745 917 2809 vendiderunt.
973 2745 1155 2807 Sciscitanti

176 2835 289 2901 tamen,
315 2827 368 2888 ubi
390 2830 552 2893 inventum
574 2839 669 2905 esset,
694 2830 799 2891 callidi
820 2830 960 2891 homiues
983 2849 1154 2909 numquam

176 2908 278 2972 locum
291 2913 424 2991 prodere
439 2915 617 2987 voluerunt,
642 2934 744 2995 neque
761 2915 848 2977 aliud
863 2915 1041 2976 indicarunt
1055 2934 1154 2993 quam

178 2998 259 3057 circa
280 2997 381 3061 locum
402 3001 456 3080 qui
472 2998 622 3060 Gournou
638 3000 750 3060 dicitur
771 3001 804 3059 in
826 3000 932 3080 lignea
954 3020 1025 3059 arca
1045 3000 1151 3078 sepul-

176 3082 253 3142 crali
279 3083 431 3145 inclusum
457 3086 641 3164 repperisse.
691 3084 845 3147 Volumen
879 3084 918 3146 ab
946 3083 1087 3145 Ardenio
1117 3087 1152 3145 in

175 3167 372 3230 Britanniam
394 3178 597 3250 asportatum,
627 3170 682 3230 ubi
710 3170 877 3249 diligenter
898 3169 1020 3229 evoluto
1043 3171 1169 3248 cogni.

253 3384 280 3453 *J
303 3388 346 3438 De
368 3387 414 3437 his
435 3386 564 3438 conteras
586 3378 785 3456 praefationes
802 3388 955 3439 editionum
973 3387 1151 3439 Britannica-

175 3468 249 3516 rum,
273 3455 450 3506 Ardenianae
468 3455 598 3516 maxime,
622 3457 670 3507 ubi
689 3456 792 3508 diserte
810 3459 961 3507 narrantur
978 3470 1050 3520 quae
1069 3471 1087 3505 a
1105 3471 1150 3506 me

177 3522 269 3574 obiter
285 3521 413 3577 indicata
431 3526 504 3573 aunt.
