<?xml version="1.0" encoding="UTF-8"?>
<!DOCTYPE html PUBLIC "-//W3C//DTD XHTML 1.0 Transitional//EN"
    "http://www.w3.org/TR/xhtml1/DTD/xhtml1-transitional.dtd">
<html xmlns="http://www.w3.org/1999/xhtml" xml:lang="en" lang="en">
 <head>
  <title>
</title>
<meta http-equiv="Content-Type" content="text/html;charset=utf-8" />
  <meta name='ocr-system' content='tesseract 3.04.00' />
  <meta name='ocr-capabilities' content='ocr_page ocr_carea ocr_par ocr_line ocrx_word'/>
</head>
<body>
  <div class='ocr_page' id='page_1' title='image "./hyperidisoratio01blasgoog/hyperidisoratio01blasgoog_0126.png"; bbox 0 0 2467 3942; ppageno 0'>
   <div class='ocr_carea' id='block_1_1' title="bbox 196 144 826 213">
    <p class='ocr_par' dir='ltr' id='par_1_1' title="bbox 196 144 826 213">
     <span class='ocr_line' id='line_1_1' title="bbox 196 144 826 213; baseline -0.002 -11"><span class='ocrx_word' id='word_1_1' title='bbox 196 148 238 213; x_wconf 84' lang='grc'>82</span> <span class='ocrx_word' id='word_1_2' title='bbox 525 144 826 202; x_wconf 70' lang='grc' dir='ltr'>ΑΠΟΕΠΑΕΜΑΤΙΑ.</span> 
     </span>
    </p>
   </div>
   <div class='ocr_carea' id='block_1_2' title="bbox 157 314 1181 571">
    <p class='ocr_par' dir='ltr' id='par_1_2' title="bbox 157 314 1181 571">
     <span class='ocr_line' id='line_1_2' title="bbox 157 314 1181 403; baseline 0.01 -25"><span class='ocrx_word' id='word_1_3' title='bbox 157 336 185 378; x_wconf 79' lang='lat'>94</span> <span class='ocrx_word' id='word_1_4' title='bbox 283 315 334 381; x_wconf 87' lang='grc'>92.</span> <span class='ocrx_word' id='word_1_5' title='bbox 363 316 466 400; x_wconf 76' lang='grc' dir='ltr'><strong><em>κυρία</em></strong></span> <span class='ocrx_word' id='word_1_6' title='bbox 495 315 638 398; x_wconf 78' lang='grc' dir='ltr'>ἐκκλησί</span> <span class='ocrx_word' id='word_1_7' title='bbox 661 336 674 351; x_wconf 57' lang='grc'>’</span> <span class='ocrx_word' id='word_1_8' title='bbox 704 314 776 383; x_wconf 87' lang='grc' dir='ltr'>Ὑπ.</span> <span class='ocrx_word' id='word_1_9' title='bbox 798 316 834 383; x_wconf 86' lang='grc' dir='ltr'>ἐν</span> <span class='ocrx_word' id='word_1_10' title='bbox 861 322 908 403; x_wconf 85' lang='grc' dir='ltr'>τῷ</span> <span class='ocrx_word' id='word_1_11' title='bbox 930 319 1011 384; x_wconf 85' lang='grc' dir='ltr'>κατὰ</span> <span class='ocrx_word' id='word_1_12' title='bbox 1032 318 1181 399; x_wconf 99' lang='grc' dir='ltr'>Δημέου</span> 
     </span>
     <span class='ocr_line' id='line_1_3' title="bbox 196 400 722 487; baseline -0.017 -13"><span class='ocrx_word' id='word_1_13' title='bbox 196 404 312 487; x_wconf 68' lang='grc' dir='ltr'>Ξενίας,</span> <span class='ocrx_word' id='word_1_14' title='bbox 334 402 363 470; x_wconf 85' lang='grc' dir='ltr'>εἰ</span> <span class='ocrx_word' id='word_1_15' title='bbox 384 402 522 482; x_wconf 78' lang='grc' dir='ltr'>γνήτιοε.</span> <span class='ocrx_word' id='word_1_16' title='bbox 558 400 722 486; x_wconf 83' lang='lat' dir='ltr'><strong>Harpocr.</strong></span> 
     </span>
     <span class='ocr_line' id='line_1_4' title="bbox 157 486 1178 571; baseline 0.012 -24"><span class='ocrx_word' id='word_1_17' title='bbox 157 503 184 547; x_wconf 77' lang='lat' dir='ltr'>ee</span> <span class='ocrx_word' id='word_1_18' title='bbox 282 487 335 553; x_wconf 88' lang='grc'>93.</span> <span class='ocrx_word' id='word_1_19' title='bbox 366 489 530 553; x_wconf 79' lang='grc' dir='ltr'>Χαλκεῑα·</span> <span class='ocrx_word' id='word_1_20' title='bbox 560 486 631 551; x_wconf 90' lang='grc' dir='ltr'>Ὑπ.</span> <span class='ocrx_word' id='word_1_21' title='bbox 662 486 698 553; x_wconf 80' lang='grc' dir='ltr'>ἐν</span> <span class='ocrx_word' id='word_1_22' title='bbox 726 492 773 571; x_wconf 83' lang='grc' dir='ltr'>τῷ</span> <span class='ocrx_word' id='word_1_23' title='bbox 795 488 877 553; x_wconf 87' lang='grc' dir='ltr'>κατὰ</span> <span class='ocrx_word' id='word_1_24' title='bbox 897 487 1032 569; x_wconf 82' lang='grc' dir='ltr'>Δημέου</span> <span class='ocrx_word' id='word_1_25' title='bbox 1054 489 1178 559; x_wconf 65' lang='grc' dir='ltr'>ξενίου.</span> 
     </span>
    </p>
   </div>
   <div class='ocr_carea' id='block_1_3' title="bbox 194 567 1180 1257">
    <p class='ocr_par' dir='ltr' id='par_1_3' title="bbox 195 567 1178 657">
     <span class='ocr_line' id='line_1_5' title="bbox 195 567 1178 657; baseline -0.002 -14"><span class='ocrx_word' id='word_1_26' title='bbox 195 573 237 643; x_wconf 84' lang='grc' dir='ltr'>τὰ</span> <span class='ocrx_word' id='word_1_27' title='bbox 251 575 390 642; x_wconf 79' lang='grc' dir='ltr'>Χαλκεῑα</span> <span class='ocrx_word' id='word_1_28' title='bbox 404 573 498 653; x_wconf 83' lang='grc' dir='ltr'>ἑορτὴ</span> <span class='ocrx_word' id='word_1_29' title='bbox 513 571 589 651; x_wconf 77' lang='grc' dir='ltr'>παρ’</span> <span class='ocrx_word' id='word_1_30' title='bbox 609 567 801 654; x_wconf 78' lang='grc' dir='ltr'>Ἀθηναίοις</span> <span class='ocrx_word' id='word_1_31' title='bbox 814 567 974 657; x_wconf 76' lang='grc' dir='ltr'>ἀγομένη.</span> <span class='ocrx_word' id='word_1_32' title='bbox 1003 572 1061 639; x_wconf 78' lang='lat' dir='ltr'>He</span> <span class='ocrx_word' id='word_1_33' title='bbox 1105 596 1178 643; x_wconf 82' lang='lat' dir='ltr'>oet.</span> 
     </span>
    </p>

    <p class='ocr_par' dir='ltr' id='par_1_4' title="bbox 194 596 1180 1257">
     <span class='ocr_line' id='line_1_6' title="bbox 280 596 1177 760; baseline -0.002 -36"><span class='ocrx_word' id='word_1_34' title='bbox 280 658 456 725; x_wconf 78' lang='lat' dir='ltr'><strong>Praeterea</strong></span> <span class='ocrx_word' id='word_1_35' title='bbox 480 657 544 721; x_wconf 85' lang='lat' dir='ltr'>hue</span> <span class='ocrx_word' id='word_1_36' title='bbox 570 655 684 720; x_wconf 84' lang='lat' dir='ltr'><strong>retulit</strong></span> <span class='ocrx_word' id='word_1_37' title='bbox 711 653 744 720; x_wconf 87' lang='lat' dir='ltr'>S.</span> <span class='ocrx_word' id='word_1_38' title='bbox 772 656 880 723; x_wconf 78' lang='lat' dir='ltr'><strong>facete</strong></span> <span class='ocrx_word' id='word_1_39' title='bbox 908 656 1033 723; x_wconf 83' lang='lat' dir='ltr'><strong>dietum</strong></span> <span class='ocrx_word' id='word_1_40' title='bbox 1054 596 1177 760; x_wconf 51' lang='grc' dir='ltr'>ἑξηκ-</span> 
     </span>
     <span class='ocr_line' id='line_1_7' title="bbox 194 740 1179 810; baseline 0 0"><span class='ocrx_word' id='word_1_41' title='bbox 194 743 277 810; x_wconf 87' lang='lat' dir='ltr'><strong>ridie</strong></span> <span class='ocrx_word' id='word_1_42' title='bbox 300 744 457 809; x_wconf 82' lang='lat' dir='ltr'><strong>adversus</strong></span> <span class='ocrx_word' id='word_1_43' title='bbox 473 741 635 806; x_wconf 80' lang='lat' dir='ltr'><strong>Demeam</strong></span> <span class='ocrx_word' id='word_1_44' title='bbox 655 740 815 807; x_wconf 80' lang='lat' dir='ltr'><strong>Demadis</strong></span> <span class='ocrx_word' id='word_1_45' title='bbox 836 742 942 807; x_wconf 85' lang='lat' dir='ltr'><strong>filium</strong></span> <span class='ocrx_word' id='word_1_46' title='bbox 964 764 1007 808; x_wconf 87' lang='lat' dir='ltr'>ex</span> <span class='ocrx_word' id='word_1_47' title='bbox 1028 742 1179 810; x_wconf 80' lang='lat' dir='ltr'><strong>tibieme</strong></span> 
     </span>
     <span class='ocr_line' id='line_1_8' title="bbox 195 827 1177 913; baseline 0.001 -18"><span class='ocrx_word' id='word_1_48' title='bbox 195 838 326 896; x_wconf 84' lang='lat' dir='ltr'><strong>natum:</strong></span> <span class='ocrx_word' id='word_1_49' title='bbox 357 827 398 894; x_wconf 88' lang='grc' dir='ltr'>οὐ</span> <span class='ocrx_word' id='word_1_50' title='bbox 428 827 592 906; x_wconf 79' lang='grc' dir='ltr'>ειωπήτει,</span> <span class='ocrx_word' id='word_1_51' title='bbox 622 827 800 913; x_wconf 82' lang='grc' dir='ltr'>μειράκιον,</span> <span class='ocrx_word' id='word_1_52' title='bbox 829 829 938 910; x_wconf 79' lang='grc' dir='ltr'>μεῖζον</span> <span class='ocrx_word' id='word_1_53' title='bbox 965 832 1021 908; x_wconf 69' lang='grc' dir='ltr'>τῆς</span> <span class='ocrx_word' id='word_1_54' title='bbox 1047 831 1177 910; x_wconf 82' lang='grc' dir='ltr'>μητρόε</span> 
     </span>
     <span class='ocr_line' id='line_1_9' title="bbox 196 909 1176 997; baseline -0.002 -15"><span class='ocrx_word' id='word_1_55' title='bbox 196 915 284 996; x_wconf 82' lang='grc' dir='ltr'>ἔχων</span> <span class='ocrx_word' id='word_1_56' title='bbox 311 914 349 980; x_wconf 87' lang='grc' dir='ltr'>τὸ</span> <span class='ocrx_word' id='word_1_57' title='bbox 377 913 504 994; x_wconf 81' lang='grc' dir='ltr'>φύτημα</span> <span class='ocrx_word' id='word_1_58' title='bbox 527 911 618 994; x_wconf 82' lang='lat' dir='ltr'><strong>(Ath.</strong></span> <span class='ocrx_word' id='word_1_59' title='bbox 641 909 747 994; x_wconf 86' lang='lat' dir='ltr'>XIII,</span> <span class='ocrx_word' id='word_1_60' title='bbox 768 910 830 978; x_wconf 84' lang='lat'>591</span> <span class='ocrx_word' id='word_1_61' title='bbox 853 913 908 997; x_wconf 62' lang='grc' dir='ltr'>Εἷς</span> <span class='ocrx_word' id='word_1_62' title='bbox 938 910 1079 981; x_wconf 86' lang='lat' dir='ltr'><strong>Philem.</strong></span> <span class='ocrx_word' id='word_1_63' title='bbox 1103 916 1176 980; x_wconf 87' lang='lat' dir='ltr'>Iex.</span> 
     </span>
     <span class='ocr_line' id='line_1_10' title="bbox 196 995 1176 1086; baseline -0.001 -21"><span class='ocrx_word' id='word_1_64' title='bbox 196 997 337 1065; x_wconf 79' lang='lat' dir='ltr'>technol.</span> <span class='ocrx_word' id='word_1_65' title='bbox 352 1020 384 1085; x_wconf 88' lang='lat' dir='ltr'>p.</span> <span class='ocrx_word' id='word_1_66' title='bbox 402 996 462 1060; x_wconf 89' lang='grc'>191</span> <span class='ocrx_word' id='word_1_67' title='bbox 478 997 602 1079; x_wconf 82' lang='lat' dir='ltr'><strong>Osann,</strong></span> <span class='ocrx_word' id='word_1_68' title='bbox 618 995 772 1063; x_wconf 73' lang='lat' dir='ltr'><strong>Eustath.</strong></span> <span class='ocrx_word' id='word_1_69' title='bbox 789 996 833 1062; x_wconf 79' lang='lat' dir='ltr'>ad</span> <span class='ocrx_word' id='word_1_70' title='bbox 847 995 887 1062; x_wconf 91' lang='lat' dir='ltr'>Il.</span> <span class='ocrx_word' id='word_1_71' title='bbox 902 1021 936 1085; x_wconf 90' lang='lat' dir='ltr'>p.</span> <span class='ocrx_word' id='word_1_72' title='bbox 955 998 1046 1080; x_wconf 83' lang='grc'><strong>1151,</strong></span> <span class='ocrx_word' id='word_1_73' title='bbox 1064 998 1086 1062; x_wconf 88' lang='grc'><strong>9</strong></span> <span class='ocrx_word' id='word_1_74' title='bbox 1101 999 1176 1086; x_wconf 87' lang='lat' dir='ltr'><strong>R.),</strong></span> 
     </span>
     <span class='ocr_line' id='line_1_11' title="bbox 217 1082 1180 1173; baseline 0.001 -24"><span class='ocrx_word' id='word_1_75' title='bbox 217 1084 284 1150; x_wconf 87' lang='lat' dir='ltr'>uod</span> <span class='ocrx_word' id='word_1_76' title='bbox 304 1092 414 1149; x_wconf 80' lang='lat' dir='ltr'><strong>tamen</strong></span> <span class='ocrx_word' id='word_1_77' title='bbox 439 1103 505 1147; x_wconf 90' lang='lat' dir='ltr'>non</span> <span class='ocrx_word' id='word_1_78' title='bbox 528 1102 570 1147; x_wconf 86' lang='lat' dir='ltr'>ex</span> <span class='ocrx_word' id='word_1_79' title='bbox 592 1082 756 1165; x_wconf 79' lang='lat' dir='ltr'><strong>oratione,</strong></span> <span class='ocrx_word' id='word_1_80' title='bbox 784 1082 844 1148; x_wconf 78' lang='lat' dir='ltr'>sed</span> <span class='ocrx_word' id='word_1_81' title='bbox 865 1089 903 1148; x_wconf 88' lang='lat' dir='ltr'>ut</span> <span class='ocrx_word' id='word_1_82' title='bbox 924 1083 1180 1173; x_wconf 77' lang='lat' dir='ltr'><strong>apophthegme</strong></span> 
     </span>
     <span class='ocr_line' id='line_1_12' title="bbox 196 1107 495 1257; baseline -0.013 -22"><span class='ocrx_word' id='word_1_83' title='bbox 196 1107 329 1257; x_wconf 49' lang='lat' dir='ltr'>aliquod</span> <span class='ocrx_word' id='word_1_84' title='bbox 350 1167 495 1233; x_wconf 75' lang='lat' dir='ltr'>affertur.</span> 
     </span>
    </p>
   </div>
   <div class='ocr_carea' id='block_1_4' title="bbox 145 1319 914 1389">
    <p class='ocr_par' dir='ltr' id='par_1_5' title="bbox 145 1319 914 1389">
     <span class='ocr_line' id='line_1_13' title="bbox 145 1319 914 1389; baseline 0.01 -11"><span class='ocrx_word' id='word_1_85' title='bbox 145 1337 190 1378; x_wconf 85' lang='lat' dir='ltr'>xv</span> <span class='ocrx_word' id='word_1_86' title='bbox 244 1354 247 1357; x_wconf 92' lang='lat'>-</span> <span class='ocrx_word' id='word_1_87' title='bbox 447 1319 561 1385; x_wconf 90' lang='lat' dir='ltr'>XVII.</span> <span class='ocrx_word' id='word_1_88' title='bbox 597 1320 707 1387; x_wconf 80' lang='grc' dir='ltr'>ΠΡΟ(</span> <span class='ocrx_word' id='word_1_89' title='bbox 731 1321 914 1389; x_wconf 86' lang='grc' dir='ltr'>ΔΗΜΕΑΝ.</span> 
     </span>
    </p>
   </div>
   <div class='ocr_carea' id='block_1_5' title="bbox 158 1436 1176 1525">
    <p class='ocr_par' dir='ltr' id='par_1_6' title="bbox 158 1392 1227 1543">
     <span class='ocr_line' id='line_1_14' title="bbox 158 1436 1176 1525; baseline 0.003 -18"><span class='ocrx_word' id='word_1_90' title='bbox 158 1456 185 1499; x_wconf 72' lang='lat'>9⁷</span> <span class='ocrx_word' id='word_1_91' title='bbox 282 1439 335 1505; x_wconf 89' lang='grc'><strong>95.</strong></span> <span class='ocrx_word' id='word_1_92' title='bbox 363 1436 547 1516; x_wconf 81' lang='grc' dir='ltr'>Λουσιεύς·</span> <span class='ocrx_word' id='word_1_93' title='bbox 579 1438 653 1505; x_wconf 90' lang='grc' dir='ltr'>Ὑπ.</span> <span class='ocrx_word' id='word_1_94' title='bbox 687 1439 724 1507; x_wconf 86' lang='grc' dir='ltr'>ἐν</span> <span class='ocrx_word' id='word_1_95' title='bbox 757 1444 804 1525; x_wconf 85' lang='grc' dir='ltr'>τῷ</span> <span class='ocrx_word' id='word_1_96' title='bbox 832 1442 915 1521; x_wconf 76' lang='grc' dir='ltr'>πρὸ(</span> <span class='ocrx_word' id='word_1_97' title='bbox 946 1443 1005 1522; x_wconf 82' lang='grc' dir='ltr'>τὴν</span> <span class='ocrx_word' id='word_1_98' title='bbox 1031 1442 1176 1522; x_wconf 83' lang='grc' dir='ltr'>Δημέου</span> 
     </span>
    </p>
   </div>
   <div class='ocr_carea' id='block_1_6' title="bbox 157 1523 1174 1778">
    <p class='ocr_par' dir='ltr' id='par_1_7' title="bbox 157 1523 1174 1778">
     <span class='ocr_line' id='line_1_15' title="bbox 195 1523 583 1609; baseline -0.01 -17"><span class='ocrx_word' id='word_1_99' title='bbox 195 1526 337 1608; x_wconf 83' lang='grc' dir='ltr'><strong>γραφήν.</strong></span> <span class='ocrx_word' id='word_1_100' title='bbox 360 1562 398 1571; x_wconf 92' lang='grc'>-</span> <span class='ocrx_word' id='word_1_101' title='bbox 421 1523 583 1609; x_wconf 82' lang='lat' dir='ltr'><strong>Harpocr.</strong></span> 
     </span>
     <span class='ocr_line' id='line_1_16' title="bbox 157 1608 1174 1697; baseline 0.011 -29"><span class='ocrx_word' id='word_1_102' title='bbox 157 1626 183 1668; x_wconf 80' lang='lat' dir='ltr'>ee</span> <span class='ocrx_word' id='word_1_103' title='bbox 282 1610 334 1675; x_wconf 88' lang='grc'>96.</span> <span class='ocrx_word' id='word_1_104' title='bbox 359 1608 643 1694; x_wconf 78' lang='grc' dir='ltr'>Σκευοποιήματα</span> <span class='ocrx_word' id='word_1_105' title='bbox 663 1610 700 1676; x_wconf 79' lang='grc' dir='ltr'>δὲ</span> <span class='ocrx_word' id='word_1_106' title='bbox 721 1609 793 1677; x_wconf 87' lang='grc' dir='ltr'>Ὑπ.</span> <span class='ocrx_word' id='word_1_107' title='bbox 809 1609 845 1677; x_wconf 84' lang='grc' dir='ltr'>ἐν</span> <span class='ocrx_word' id='word_1_108' title='bbox 860 1616 906 1695; x_wconf 82' lang='grc' dir='ltr'>τῷ</span> <span class='ocrx_word' id='word_1_109' title='bbox 921 1612 1005 1695; x_wconf 74' lang='grc' dir='ltr'>πρὸ(</span> <span class='ocrx_word' id='word_1_110' title='bbox 1018 1611 1174 1697; x_wconf 87' lang='grc' dir='ltr'>Δημέαν.</span> 
     </span>
     <span class='ocr_line' id='line_1_17' title="bbox 195 1693 457 1778; baseline -0.008 -18"><span class='ocrx_word' id='word_1_111' title='bbox 195 1694 316 1762; x_wconf 86' lang='lat' dir='ltr'>Pollux</span> <span class='ocrx_word' id='word_1_112' title='bbox 337 1693 382 1778; x_wconf 88' lang='lat' dir='ltr'>X,</span> <span class='ocrx_word' id='word_1_113' title='bbox 406 1693 457 1760; x_wconf 83' lang='lat'>15.</span> 
     </span>
    </p>
   </div>
   <div class='ocr_carea' id='block_1_7' title="bbox 144 1847 1098 1916">
    <p class='ocr_par' dir='ltr' id='par_1_8' title="bbox 144 1847 1098 1916">
     <span class='ocr_line' id='line_1_18' title="bbox 144 1847 1098 1916; baseline 0.012 -11"><span class='ocrx_word' id='word_1_114' title='bbox 144 1862 198 1907; x_wconf 88' lang='lat' dir='ltr'>xv1</span> <span class='ocrx_word' id='word_1_115' title='bbox 266 1847 399 1915; x_wconf 84' lang='lat' dir='ltr'>XVIII.</span> <span class='ocrx_word' id='word_1_116' title='bbox 442 1847 542 1913; x_wconf 87' lang='grc' dir='ltr'>ΚΑΤΑ</span> <span class='ocrx_word' id='word_1_117' title='bbox 568 1847 807 1915; x_wconf 82' lang='grc' dir='ltr'>ΔΗΜΗΤΡΙΑ(</span> <span class='ocrx_word' id='word_1_118' title='bbox 833 1847 1098 1916; x_wconf 68' lang='grc' dir='ltr'>ΑΠΟΕΤΑΕΙΟΥ.</span> 
     </span>
    </p>
   </div>
   <div class='ocr_carea' id='block_1_8' title="bbox 158 1964 1174 2225">
    <p class='ocr_par' dir='ltr' id='par_1_9' title="bbox 158 1964 1174 2225">
     <span class='ocr_line' id='line_1_19' title="bbox 158 1964 1174 2051; baseline 0.004 -20"><span class='ocrx_word' id='word_1_119' title='bbox 158 1985 184 2025; x_wconf 78' lang='grc' dir='ltr'>υ</span> <span class='ocrx_word' id='word_1_120' title='bbox 284 1964 508 2032; x_wconf 80' lang='grc' dir='ltr'>Ἀποστασίου</span> <span class='ocrx_word' id='word_1_121' title='bbox 536 1965 614 2051; x_wconf 77' lang='grc' dir='ltr'>δίκη</span> <span class='ocrx_word' id='word_1_122' title='bbox 643 2002 695 2031; x_wconf 87' lang='grc'>-.</span> <span class='ocrx_word' id='word_1_123' title='bbox 732 1968 888 2034; x_wconf 73' lang='grc' dir='ltr'>πολλάκις</span> <span class='ocrx_word' id='word_1_124' title='bbox 920 1968 955 2033; x_wconf 82' lang='lat' dir='ltr'>e’</span> <span class='ocrx_word' id='word_1_125' title='bbox 984 1967 1049 2035; x_wconf 85' lang='grc' dir='ltr'>ἐετὶ</span> <span class='ocrx_word' id='word_1_126' title='bbox 1078 1971 1174 2051; x_wconf 85' lang='grc' dir='ltr'>παρὰ</span> 
     </span>
     <span class='ocr_line' id='line_1_20' title="bbox 196 2052 1171 2138; baseline 0.001 -17"><span class='ocrx_word' id='word_1_127' title='bbox 196 2056 264 2121; x_wconf 73' lang='grc' dir='ltr'>τοῖς</span> <span class='ocrx_word' id='word_1_128' title='bbox 286 2053 445 2137; x_wconf 80' lang='grc' dir='ltr'>ῥήτορειν,</span> <span class='ocrx_word' id='word_1_129' title='bbox 467 2054 556 2133; x_wconf 85' lang='grc' dir='ltr'>παρὰ</span> <span class='ocrx_word' id='word_1_130' title='bbox 577 2058 624 2137; x_wconf 81' lang='grc' dir='ltr'>τῷ</span> <span class='ocrx_word' id='word_1_131' title='bbox 638 2052 736 2137; x_wconf 79' lang='grc' dir='ltr'>Λυείᾳ</span> <span class='ocrx_word' id='word_1_132' title='bbox 758 2052 794 2119; x_wconf 88' lang='grc' dir='ltr'>ἐν</span> <span class='ocrx_word' id='word_1_133' title='bbox 815 2059 862 2138; x_wconf 83' lang='grc' dir='ltr'>τῷ</span> <span class='ocrx_word' id='word_1_134' title='bbox 884 2055 967 2133; x_wconf 73' lang='grc' dir='ltr'>πρὸ(</span> <span class='ocrx_word' id='word_1_135' title='bbox 988 2053 1171 2138; x_wconf 80' lang='grc' dir='ltr'>Ἀριετόδη·</span> 
     </span>
     <span class='ocr_line' id='line_1_21' title="bbox 195 2137 1097 2225; baseline -0.004 -18"><span class='ocrx_word' id='word_1_136' title='bbox 195 2161 258 2221; x_wconf 89' lang='grc' dir='ltr'>μον</span> <span class='ocrx_word' id='word_1_137' title='bbox 280 2140 333 2207; x_wconf 87' lang='grc' dir='ltr'>καὶ</span> <span class='ocrx_word' id='word_1_138' title='bbox 353 2139 427 2206; x_wconf 87' lang='grc' dir='ltr'>Ὑπ.</span> <span class='ocrx_word' id='word_1_139' title='bbox 451 2138 487 2205; x_wconf 86' lang='grc' dir='ltr'>ἐν</span> <span class='ocrx_word' id='word_1_140' title='bbox 508 2143 555 2222; x_wconf 82' lang='grc' dir='ltr'>τῷ</span> <span class='ocrx_word' id='word_1_141' title='bbox 577 2138 658 2202; x_wconf 90' lang='grc' dir='ltr'>κατὰ</span> <span class='ocrx_word' id='word_1_142' title='bbox 679 2138 764 2220; x_wconf 90' lang='grc' dir='ltr'>Δημ.</span> <span class='ocrx_word' id='word_1_143' title='bbox 789 2137 846 2207; x_wconf 86' lang='grc' dir='ltr'>ἀπ.</span> <span class='ocrx_word' id='word_1_144' title='bbox 868 2174 913 2187; x_wconf 93' lang='grc'>-</span> <span class='ocrx_word' id='word_1_145' title='bbox 932 2137 1097 2225; x_wconf 77' lang='lat' dir='ltr'>Herpoer.</span> 
     </span>
    </p>
   </div>
   <div class='ocr_carea' id='block_1_9' title="bbox 122 2288 973 2459">
    <p class='ocr_par' dir='ltr' id='par_1_10' title="bbox 122 2288 973 2459">
     <span class='ocr_line' id='line_1_22' title="bbox 122 2288 973 2459; baseline 0.014 -112"><span class='ocrx_word' id='word_1_146' title='bbox 122 2304 196 2349; x_wconf 82' lang='lat' dir='ltr'><strong>xv1e</strong></span> <span class='ocrx_word' id='word_1_147' title='bbox 391 2288 492 2356; x_wconf 87' lang='lat' dir='ltr'>XIX.</span> <span class='ocrx_word' id='word_1_148' title='bbox 527 2290 973 2459; x_wconf 53' lang='grc' dir='ltr'>ΥΠΕΓγΔήΗΜΟΠΟΙΗῘΟΥ</span> 
     </span>
     <span class='ocr_line' id='line_1_23' title="bbox 598 2407 764 2448; baseline 0.012 -2"><span class='ocrx_word' id='word_1_149' title='bbox 598 2407 612 2446; x_wconf 81' lang='grc' dir='ltr'>Ε</span> <span class='ocrx_word' id='word_1_150' title='bbox 698 2407 764 2448; x_wconf 74' lang='lat' dir='ltr'><strong>(loc.</strong></span> 
     </span>
    </p>
   </div>
   <div class='ocr_carea' id='block_1_10' title="bbox 145 2456 1226 2750">
    <p class='ocr_par' dir='ltr' id='par_1_11' title="bbox 145 2456 1226 2750">
     <span class='ocr_line' id='line_1_24' title="bbox 145 2456 1226 2579; baseline 0.008 -26"><span class='ocrx_word' id='word_1_151' title='bbox 145 2510 184 2554; x_wconf 88' lang='lat'>100</span> <span class='ocrx_word' id='word_1_152' title='bbox 281 2494 334 2560; x_wconf 82' lang='grc'><strong>97.</strong></span> <span class='ocrx_word' id='word_1_153' title='bbox 356 2494 429 2559; x_wconf 83' lang='grc' dir='ltr'>Ὅτι</span> <span class='ocrx_word' id='word_1_154' title='bbox 451 2496 487 2560; x_wconf 77' lang='grc' dir='ltr'>δέ</span> <span class='ocrx_word' id='word_1_155' title='bbox 508 2493 638 2560; x_wconf 73' lang='grc' dir='ltr'>τούτοις</span> <span class='ocrx_word' id='word_1_156' title='bbox 660 2498 758 2576; x_wconf 83' lang='grc' dir='ltr'>μετῆν</span> <span class='ocrx_word' id='word_1_157' title='bbox 779 2498 836 2574; x_wconf 76' lang='grc' dir='ltr'>τῆ(</span> <span class='ocrx_word' id='word_1_158' title='bbox 850 2497 1026 2578; x_wconf 66' lang='grc' dir='ltr'>πολιτείας,</span> <span class='ocrx_word' id='word_1_159' title='bbox 1050 2495 1103 2563; x_wconf 67' lang='lat' dir='ltr'>otc</span> <span class='ocrx_word' id='word_1_160' title='bbox 1119 2494 1169 2579; x_wconf 88' lang='grc' dir='ltr'>εἴη</span> <span class='ocrx_word' id='word_1_161' title='bbox 1225 2456 1226 2543; x_wconf 62' lang='lat' dir='ltr'>I</span> 
     </span>
     <span class='ocr_line' id='line_1_25' title="bbox 195 2579 1169 2667; baseline 0.001 -19"><span class='ocrx_word' id='word_1_162' title='bbox 195 2580 279 2648; x_wconf 85' lang='grc' dir='ltr'>Ζεὺτ</span> <span class='ocrx_word' id='word_1_163' title='bbox 301 2581 433 2662; x_wconf 82' lang='grc' dir='ltr'>ἕρκειοτ,</span> <span class='ocrx_word' id='word_1_164' title='bbox 455 2579 618 2659; x_wconf 79' lang='grc' dir='ltr'>δεδήλωκε</span> <span class='ocrx_word' id='word_1_165' title='bbox 640 2581 691 2646; x_wconf 79' lang='grc' dir='ltr'>καὶ</span> <span class='ocrx_word' id='word_1_166' title='bbox 711 2580 785 2647; x_wconf 88' lang='grc' dir='ltr'>Ὑπ.</span> <span class='ocrx_word' id='word_1_167' title='bbox 808 2580 844 2647; x_wconf 86' lang='grc' dir='ltr'>ἐν</span> <span class='ocrx_word' id='word_1_168' title='bbox 866 2586 913 2666; x_wconf 78' lang='grc' dir='ltr'>τῷ</span> <span class='ocrx_word' id='word_1_169' title='bbox 934 2579 1016 2662; x_wconf 81' lang='grc' dir='ltr'>ὑπὲρ</span> <span class='ocrx_word' id='word_1_170' title='bbox 1039 2585 1169 2667; x_wconf 62' lang='lat' dir='ltr'><strong>ennom,</strong></span> 
     </span>
     <span class='ocr_line' id='line_1_26' title="bbox 196 2662 941 2750; baseline -0.001 -16"><span class='ocrx_word' id='word_1_171' title='bbox 196 2666 226 2734; x_wconf 78' lang='grc' dir='ltr'>εἰ</span> <span class='ocrx_word' id='word_1_172' title='bbox 246 2668 385 2746; x_wconf 80' lang='grc' dir='ltr'>γνήτιοε.</span> <span class='ocrx_word' id='word_1_173' title='bbox 409 2701 448 2712; x_wconf 91' lang='lat'>-</span> <span class='ocrx_word' id='word_1_174' title='bbox 470 2662 574 2750; x_wconf 81' lang='lat' dir='ltr'><strong>Harp.</strong></span> <span class='ocrx_word' id='word_1_175' title='bbox 599 2686 626 2729; x_wconf 82' lang='lat' dir='ltr'>e.</span> <span class='ocrx_word' id='word_1_176' title='bbox 649 2687 682 2731; x_wconf 89' lang='lat' dir='ltr'>v.</span> <span class='ocrx_word' id='word_1_177' title='bbox 705 2665 828 2745; x_wconf 69' lang='grc' dir='ltr'>ἕρκειος</span> <span class='ocrx_word' id='word_1_178' title='bbox 849 2665 941 2733; x_wconf 80' lang='grc' dir='ltr'>Ζεύε.</span> 
     </span>
    </p>
   </div>
   <div class='ocr_carea' id='block_1_11' title="bbox 282 2815 931 3023">
    <p class='ocr_par' dir='ltr' id='par_1_12' title="bbox 282 2815 931 3023">
     <span class='ocr_line' id='line_1_27' title="bbox 426 2815 931 2894; baseline 0.004 -13"><span class='ocrx_word' id='word_1_179' title='bbox 426 2815 506 2882; x_wconf 93' lang='lat' dir='ltr'>XX.</span> <span class='ocrx_word' id='word_1_180' title='bbox 545 2817 647 2894; x_wconf 84' lang='grc' dir='ltr'>ΚΑΤΑ</span> <span class='ocrx_word' id='word_1_181' title='bbox 672 2817 931 2886; x_wconf 83' lang='grc' dir='ltr'>ΔΙΟΠΕΙΘΟΥ(.</span> 
     </span>
     <span class='ocr_line' id='line_1_28' title="bbox 282 2934 795 3023; baseline -0.006 -21"><span class='ocrx_word' id='word_1_182' title='bbox 282 2934 335 3002; x_wconf 74' lang='lat' dir='ltr'>ef.</span> <span class='ocrx_word' id='word_1_183' title='bbox 356 2956 418 3022; x_wconf 86' lang='lat' dir='ltr'>pro</span> <span class='ocrx_word' id='word_1_184' title='bbox 439 2935 637 3023; x_wconf 85' lang='lat' dir='ltr'><strong>Euxenippe</strong></span> <span class='ocrx_word' id='word_1_185' title='bbox 658 2937 720 3000; x_wconf 82' lang='lat' dir='ltr'>eol.</span> <span class='ocrx_word' id='word_1_186' title='bbox 742 2936 795 3001; x_wconf 87' lang='grc'>39.</span> 
     </span>
    </p>
   </div>
   <div class='ocr_carea' id='block_1_12' title="bbox 124 3086 914 3156">
    <p class='ocr_par' dir='ltr' id='par_1_13' title="bbox 124 3086 914 3156">
     <span class='ocr_line' id='line_1_29' title="bbox 124 3086 914 3156; baseline 0.008 -9"><span class='ocrx_word' id='word_1_187' title='bbox 124 3103 197 3147; x_wconf 85' lang='lat' dir='ltr'>xvm</span> <span class='ocrx_word' id='word_1_188' title='bbox 446 3087 545 3156; x_wconf 90' lang='lat' dir='ltr'>XXI.</span> <span class='ocrx_word' id='word_1_189' title='bbox 581 3089 691 3156; x_wconf 82' lang='grc' dir='ltr'>ΠΡΟ(</span> <span class='ocrx_word' id='word_1_190' title='bbox 715 3086 914 3156; x_wconf 91' lang='grc' dir='ltr'>ΔΙΩΝΔΑΝ.</span> 
     </span>
    </p>
   </div>
   <div class='ocr_carea' id='block_1_13' title="bbox 196 3206 1225 3487">
    <p class='ocr_par' dir='ltr' id='par_1_14' title="bbox 196 3188 1225 3487">
     <span class='ocr_line' id='line_1_30' title="bbox 280 3206 1170 3295; baseline -0.006 -21"><span class='ocrx_word' id='word_1_191' title='bbox 280 3208 322 3274; x_wconf 95' lang='lat' dir='ltr'>V.</span> <span class='ocrx_word' id='word_1_192' title='bbox 343 3208 440 3274; x_wconf 87' lang='lat' dir='ltr'>Dem.</span> <span class='ocrx_word' id='word_1_193' title='bbox 464 3206 505 3273; x_wconf 87' lang='lat' dir='ltr'>de</span> <span class='ocrx_word' id='word_1_194' title='bbox 527 3228 649 3274; x_wconf 82' lang='lat' dir='ltr'>corona</span> <span class='ocrx_word' id='word_1_195' title='bbox 667 3207 747 3293; x_wconf 76' lang='lat'>2223</span> <span class='ocrx_word' id='word_1_196' title='bbox 775 3207 843 3274; x_wconf 87' lang='lat' dir='ltr'><strong>Vit.</strong></span> <span class='ocrx_word' id='word_1_197' title='bbox 866 3206 899 3271; x_wconf 91' lang='lat' dir='ltr'>X</span> <span class='ocrx_word' id='word_1_198' title='bbox 919 3229 965 3274; x_wconf 89' lang='lat' dir='ltr'>or.</span> <span class='ocrx_word' id='word_1_199' title='bbox 987 3230 1021 3295; x_wconf 87' lang='lat' dir='ltr'>p.</span> <span class='ocrx_word' id='word_1_200' title='bbox 1044 3209 1110 3276; x_wconf 86' lang='lat'>848</span> <span class='ocrx_word' id='word_1_201' title='bbox 1128 3210 1170 3279; x_wconf 80' lang='grc' dir='ltr'>Ε,</span> 
     </span>
     <span class='ocr_line' id='line_1_31' title="bbox 196 3292 1225 3383; baseline -0.017 -22"><span class='ocrx_word' id='word_1_202' title='bbox 196 3293 447 3383; x_wconf 51' lang='lat' dir='ltr'>dmm&amp;</span> <span class='ocrx_word' id='word_1_203' title='bbox 1224 3292 1225 3378; x_wconf 54' lang='lat' dir='ltr'><strong>j</strong></span> 
     </span>
     <span class='ocr_line' id='line_1_32' title="bbox 1224 3404 1225 3487; baseline 0 0"><span class='ocrx_word' id='word_1_204' title='bbox 1224 3404 1225 3487; x_wconf 67' lang='lat' dir='ltr'>I</span> 
     </span>
    </p>
   </div>
   <div class='ocr_carea' id='block_1_14' title="bbox 196 3479 1225 3551">
    <p class='ocr_par' dir='ltr' id='par_1_15' title="bbox 196 3479 1225 3551">
     <span class='ocr_line' id='line_1_33' title="bbox 196 3479 1225 3551; baseline -0.001 -14"><span class='ocrx_word' id='word_1_205' title='bbox 196 3484 231 3537; x_wconf 78' lang='grc'>99</span> <span class='ocrx_word' id='word_1_206' title='bbox 248 3480 352 3551; x_wconf 80' lang='grc' dir='ltr'>μηδέου</span> <span class='ocrx_word' id='word_1_207' title='bbox 370 3480 401 3534; x_wconf 80' lang='lat'>0.</span> <span class='ocrx_word' id='word_1_208' title='bbox 432 3506 464 3519; x_wconf 89' lang='lat'><em>-</em></span> <span class='ocrx_word' id='word_1_209' title='bbox 493 3482 527 3535; x_wconf 82' lang='grc'>99</span> <span class='ocrx_word' id='word_1_210' title='bbox 543 3479 636 3549; x_wconf 87' lang='grc' dir='ltr'>δήμου</span> <span class='ocrx_word' id='word_1_211' title='bbox 653 3481 709 3538; x_wconf 84' lang='lat' dir='ltr'>Bc.</span> <span class='ocrx_word' id='word_1_212' title='bbox 732 3508 765 3520; x_wconf 89' lang='lat'>-</span> <span class='ocrx_word' id='word_1_213' title='bbox 795 3480 1065 3551; x_wconf 75' lang='grc' dir='ltr'>9οδημα1ουΑΒῦ.</span> <span class='ocrx_word' id='word_1_214' title='bbox 1224 3490 1225 3551; x_wconf 63' lang='grc' dir='ltr'>η</span> 
     </span>
    </p>
   </div>
   <div class='ocr_carea' id='block_1_15' title="bbox 0 0 1246 3942">
    <p class='ocr_par' dir='ltr' id='par_1_16' title="bbox 0 0 1246 3942">
     <span class='ocr_line' id='line_1_34' title="bbox 0 0 1246 3942; baseline 0 0"><span class='ocrx_word' id='word_1_215' title='bbox 0 0 1246 3942; x_wconf 95' lang='lat' dir='ltr'> </span> 
     </span>
    </p>
   </div>
  </div>
 </body>
</html>
