2467 3942
223 190 264 252 60
354 186 641 267 ΜΑΝΕΘΩΝΟΣ
655 186 1104 247 ΑΠΟΤΕΛΕΣΜΑΤΙΚΩΝ

285 359 383 451 ἥατ’·
411 352 597 451 αότάρνῦν
613 360 1083 450 ὃμάωνγενέθληςπέρι
1097 363 1178 443 λέξω

222 484 273 537 685
286 470 357 545 πῶς
373 490 412 533 κε
427 469 633 552 διακρίνειεν
649 461 734 555 άνὴρ
749 463 829 534 τάδε
841 465 996 551 θέσφατα
1010 462 1122 545 είθοός.

326 558 402 640 εὖτε
416 563 1114 657 ΣεληναίηςκαὶΚόπριθοςάστέρες
1128 571 1207 637 αἰνολ

289 677 372 742 Φαί
378 698 432 741 νω
441 698 462 739 ν
476 672 532 740 καὶ
545 670 662 759 Πυρό
672 699 734 751 εις
748 668 876 803 άμῳοίν
889 672 1138 761 καθυπέρτεροι
1151 671 1216 755 εἷεν,

288 779 396 864 δμῶες
410 775 466 843 καὶ
480 772 602 862 ὁμοίων
616 776 742 844 τοκέων
754 780 828 862 τοίγ
830 771 1057 860 ’.ἐξεγένοντο

328 874 410 947 είὸ’
423 873 678 965 Ἀφροδίτην
695 877 758 965 μὲν
778 881 950 947 Φαίνων
969 873 1052 944 καὶ”
1044 886 1214 968 Αρηςκα·

842 983 996 1104 &00933123

222 1099 275 1154 690
290 1080 415 1170 Μηνη
435 1078 478 1152 δ
489 1109 534 1151 αυ
519 1072 726 1151 Φαέθων
744 1107 780 1151 τε
793 1078 996 1171 Κρονοςτ
1012 1080 1213 1171 έπιμάρτνροι

843 1182 929 1271 εἷεν,

286 1285 495 1376 δουλοσύνην
505 1284 737 1376 προφυγόντες
749 1278 964 1377 ἐλεύθερον
943 1316 1036 1376 ημαρ
1050 1294 1162 1358 ίθοιεν.

324 1382 408 1479 ἦμος
422 1387 456 1459 δ’
470 1388 633 1460 Ἠέλιον
643 1384 854 1461 Φαίνοντά
869 1418 905 1460 τε
917 1388 1208 1481 πυρφόροςἍρης,

285 1494 454 1581 Κύπριν
468 1489 500 1562 δ’
517 1484 597 1562 αὖτε
610 1492 742 1581 Κρόνος
754 1509 913 1583 κρυεραίς
926 1491 1063 1564 ἀκτῖσιν
1076 1490 1171 1588 όράη,

288 1600 325 1669 ἐκ
340 1593 463 1684 δμώων
476 1600 646 1683 γεγαῶτας
659 1598 725 1677 ἑοῖς
739 1602 870 1667 ίσοῦσιν
881 1595 1011 1679 άναξιν.

223 1716 275 1772 605
328 1705 359 1770 εί
371 1698 561 1793 δὲΚρόνῳ
570 1699 634 1787 μὲν
647 1697 693 1769 ἰδ’
705 1697 848 1795 Ἠελίῳ
860 1700 987 1790 μάρτυς
1000 1695 1206 1783 πέλοιἍρης,

237 1814 243 1825 “
286 1801 395 1884 Ζεός
418 1802 457 1874 δὲ
480 1810 695 1892 Σεληναίη
712 1830 749 1872 τε
769 1806 825 1873 καὶ
843 1795 1202 1892 Ἀφρογενεί,θερά·

841 1932 962 1986 ποντος
1217 1906 1219 1913 '

287 2007 410 2097 πατρὸς
423 2003 441 2076 ὁ
455 2005 522 2096 ῳός
535 2013 644 2077 ἔσεται
652 2059 662 2093 ,
678 2006 785 2099 μήτηρ
801 2011 841 2080 δέ
850 2007 883 2078 τ’
893 2012 1066 2099 έλενθέρη
1080 2003 1166 2097 αὐτῷ.

326 2107 452 2181 ὁππότε
467 2107 497 2180 θ’
514 2101 558 2181 αὖ
572 2110 732 2199 κερόεσσα
746 2120 958 2201 Σεληναίη
975 2108 1134 2200 ὑπόγειον

285 2209 307 2304 ἢ
320 2212 458 2284 θυτικὸν
472 2215 610 2303 κέντρον
624 2217 740 2304 διέπη,
754 2215 965 2304 τετραγώνου
978 2215 1093 2295 ἐόντος

223 2335 276 2390 700
288 2314 327 2407 ἠὲ
347 2319 591 2406 καταντιπέρην
606 2314 707 2405 όλοοῦ
724 2326 758 2389 Κ
763 2319 910 2407 ρόνου,
926 2315 1175 2408 αότάρ”Λρηοέ

183 2507 187 2518 Ι
286 2418 390 2510 άστὴρ
404 2418 469 2489 σόν
482 2429 519 2490 Π
525 2447 578 2508 αῳ
590 2425 605 2489 ί
612 2448 634 2510 η
647 2414 668 2508 ἢ
682 2422 738 2490 καὶ
753 2421 927 2511 διάμετρος
940 2417 1049 2513 ὁρῷτο

286 2519 308 2613 ἢ
322 2522 526 2612 τετράγωνος
541 2528 607 2610 ἔοι,
621 2522 745 2614 μητρός
757 2527 851 2594 πέλει
863 2521 1078 2613 ἀμφιπόλοιο.

296 2708 299 2714 Ι
325 2633 356 2696 εἰ
369 2626 406 2696 δὲ
419 2635 452 2696 Κ
459 2654 478 2716 ρ
487 2625 557 2696 όνο
568 2627 585 2706 ς’
597 2629 749 2716 κέντροιο
764 2624 877 2715 λαχών
889 2626 958 2716 Μή
967 2655 1050 2716 νην
1062 2620 1175 2715 έσορηόη

285 2725 307 2819 ἦ
325 2727 479 2819 Τιτην’,
499 2731 616 2817 ἕτερον
628 2729 667 2799 δέ
680 2729 764 2860 φάος
778 2731 963 2819 Πνρόεις
976 2733 1165 2818 καθορῆται,

222 2849 274 2904 705
289 2833 412 2921 δμώων
425 2830 624 2921 ἀμφοτέρων
639 2836 764 2904 τοκέων
777 2831 943 2924 φράσσατο
957 2839 1095 2920 γεγῶτα.

324 2937 380 3004 καὶ
394 2935 432 3005 δὲ
445 2930 530 3005 καὶ“
515 2931 635 3004 οππότ’
651 2931 695 3004 άν
710 2939 748 3007 έν
764 2938 890 3031 κέντρῳ
908 2936 976 3004 Μ
955 2965 1033 3024 ηνη
1047 2935 1106 3024 μὲν
1117 2931 1200 3010 ἐπείη

284 3035 374 3129 άλλῳ
389 3034 421 3107 δ’
444 3029 524 3108 αὖτε
537 3035 698 3125 Κρόνος
714 3041 842 3165 κέντρῳ
855 3037 1093 3129 κατόπισθεν”
1073 3057 1178 3112 εποιτο,

247 3167 470 3231 νυκτιῳαης
485 3142 522 3211 δέ
531 3149 702 3232 Σεληναίη
715 3143 832 3233 Πυρό
840 3170 930 3212 εντι
945 3141 1118 3223 συνάπτοι,

285 3243 490 3331 δουλοσύνης
503 3241 654 3332 ζυγόνί
617 3272 639 3313 α
641 3245 691 3315 av
705 3243 758 3316 ἐπ’
775 3243 911 3334 αόχεσιν
922 3240 989 3315 οἷσι
1003 3246 1195 3358 φέρουσιν

221 3364 271 3418 710
323 3353 355 3418 εί
341 3346 418 3416 ίόό
445 3349 664 3436 μεσονρανέοι
690 3352 890 3433 Φαέθων,
915 3326 1195 3437 Μηνηόέίᾶπ

841 3448 946 3520 αὐτοῦ

285 3550 352 3643 άρμ
357 3551 495 3641 ’έλάοι,
509 3551 694 3622 κατόπισθε
709 3549 741 3622 θ’
758 3555 991 3626 έπαντέλλοντι
1004 3548 1165 3623 συνάπτοι,
